<ENVELOPE>
 <HEADER>
  <VERSION>1</VERSION>
  <STATUS>1</STATUS>
 </HEADER>
 <BODY>
  <DESC>
   <CMPINFO>
    <COMPANY>2</COMPANY>
    <GROUP>2</GROUP>
    <LEDGER>270</LEDGER>
    <COSTCATEGORY>3</COSTCATEGORY>
    <COSTCENTRE>9</COSTCENTRE>
    <GODOWN>139</GODOWN>
    <STOCKGROUP>5</STOCKGROUP>
    <STOCKCATEGORY>1</STOCKCATEGORY>
    <STOCKITEM>143</STOCKITEM>
    <VOUCHERTYPE>11</VOUCHERTYPE>
    <CURRENCY>38</CURRENCY>
    <UNIT>1</UNIT>
    <BUDGET>0</BUDGET>
    <CLIENTRULE>0</CLIENTRULE>
    <SERVERRULE>0</SERVERRULE>
    <STATE>0</STATE>
    <TDSRATE>0</TDSRATE>
    <TAXCLASSIFICATION>0</TAXCLASSIFICATION>
    <STCATEGORY>0</STCATEGORY>
    <DEDUCTEETYPE>0</DEDUCTEETYPE>
    <ATTENDANCETYPE>0</ATTENDANCETYPE>
    <FBTCATEGORY>0</FBTCATEGORY>
    <FBTASSESSEETYPE>0</FBTASSESSEETYPE>
    <TARIFFCLASSIFICATION>0</TARIFFCLASSIFICATION>
    <EXCISEDUTYCLASSIFICATION>0</EXCISEDUTYCLASSIFICATION>
    <SERIALNUMBER>0</SERIALNUMBER>
    <ADJUSTMENTCLASSIFICATION>0</ADJUSTMENTCLASSIFICATION>
    <INCOMETAXSLAB>0</INCOMETAXSLAB>
    <INCOMETAXCLASSIFICATION>0</INCOMETAXCLASSIFICATION>
    <LBTCLASSIFICATION>0</LBTCLASSIFICATION>
    <TAXUNIT>61</TAXUNIT>
    <RETURNMASTER>0</RETURNMASTER>
    <GSTCLASSIFICATION>1</GSTCLASSIFICATION>
    <VOUCHERNUMBERSERIES>82</VOUCHERNUMBERSERIES>
    <VOUCHER>60</VOUCHER>
   </CMPINFO>
  </DESC>
  <DATA>
   <COLLECTION ISCMPDEPTYPE="Yes" CMPLOCUS="4" CMPDEPTYPE="64">
    <VOUCHER REMOTEID="755da616-c913-46c0-9ad0-de5499d071a0-00000005" VCHKEY="755da616-c913-46c0-9ad0-de5499d071a0-0000b401:00000010" VCHTYPE="Payment" OBJVIEW="Accounting Voucher View">
     <DATE TYPE="Date">20260301</DATE>
     <REFERENCEDATE TYPE="Date"></REFERENCEDATE>
     <GUID>755da616-c913-46c0-9ad0-de5499d071a0-00000005</GUID>
     <GSTREGISTRATIONTYPE TYPE="String"></GSTREGISTRATIONTYPE>
     <NARRATION TYPE="String"></NARRATION>
     <REQUESTORRULE/>
     <PARTYGSTIN TYPE="String"></PARTYGSTIN>
     <PLACEOFSUPPLY TYPE="String"></PLACEOFSUPPLY>
     <VOUCHERTYPENAME>Payment</VOUCHERTYPENAME>
     <PARTYLEDGERNAME TYPE="String">Sudhir Traders</PARTYLEDGERNAME>
     <VOUCHERNUMBER>1</VOUCHERNUMBER>
     <BASICBUYERNAME TYPE="String"></BASICBUYERNAME>
     <REFERENCE TYPE="String"></REFERENCE>
     <SERIALMASTER TYPE="String"></SERIALMASTER>
     <ARESERIALMASTER TYPE="String"></ARESERIALMASTER>
     <NUMBERINGSTYLE>Auto Retain</NUMBERINGSTYLE>
     <PERSISTEDVIEW>Accounting Voucher View</PERSISTEDVIEW>
     <ISDELETED>No</ISDELETED>
     <ASORIGINAL>No</ASORIGINAL>
     <ISDEEMEDPOSITIVE TYPE="Logical">Yes</ISDEEMEDPOSITIVE>
     <ISOPTIONAL TYPE="Logical">No</ISOPTIONAL>
     <EFFECTIVEDATE TYPE="Date">20260301</EFFECTIVEDATE>
     <ISCANCELLED TYPE="Logical">No</ISCANCELLED>
     <ISINVOICE>No</ISINVOICE>
     <ASPAYSLIP>No</ASPAYSLIP>
     <ISDELETEDVCHRETAINED>No</ISDELETEDVCHRETAINED>
     <ISNEGISPOSSET TYPE="Logical">Yes</ISNEGISPOSSET>
     <ALTERID TYPE="Number"> 12</ALTERID>
     <MASTERID TYPE="Number"> 5</MASTERID>
     <VOUCHERKEY TYPE="Number">197916387966992</VOUCHERKEY>
     <VOUCHERRETAINKEY TYPE="Number">1</VOUCHERRETAINKEY>
     <REUSEHOLEID TYPE="Number">0</REUSEHOLEID>
     <VOUCHERNUMBERSERIES TYPE="String">Default</VOUCHERNUMBERSERIES>
     <ALLINVENTORYENTRIES.LIST>     </ALLINVENTORYENTRIES.LIST>
     <ALLLEDGERENTRIES.LIST>
      <OLDAUDITENTRYIDS.LIST TYPE="Number">
       <OLDAUDITENTRYIDS>-1</OLDAUDITENTRYIDS>
      </OLDAUDITENTRYIDS.LIST>
      <ORIGPURCHINVDATE/>
      <NARRATION/>
      <ADDLALLOCTYPE/>
      <TAXCLASSIFICATIONNAME/>
      <APPROPRIATEFOR/>
      <GSTDUTYHEAD/>
      <GSTAPPROPRIATETO/>
      <NOTIFICATIONSLNO/>
      <EXCISEALLOCTYPE/>
      <SWIFTCODE/>
      <ROUNDTYPE/>
      <LEDGERNAME>Sudhir Traders</LEDGERNAME>
      <TAXUNITNAME/>
      <STATNATURENAME/>
      <GOODSTYPE/>
      <VATTRADENAME/>
      <METHODTYPE/>
      <CLASSRATE/>
      <STATCLASSIFICATIONNAME/>
      <EXCISECLASSIFICATIONNAME/>
      <ISZRBASICSERVICE/>
      <VATCOMMODITYNAME/>
      <SCHEDULE/>
      <SCHEDULESERIALNUMBER/>
      <VATCOMMODITYCODE/>
      <VATSUBCOMMODITYCODE/>
      <VATMAJORCOMMODITYNAME/>
      <STRDGSTDERIVEDLOCATIONTYPE/>
      <STRDGSTDERIVEDTAXABILITY/>
      <STRDGSTDERIVEDNATURETYPE/>
      <STRDGSTDERIVEDSUPPLYTYPE/>
      <TDSPARTYNAME/>
      <VATPARTYORGNAME/>
      <XBRLADJTYPE/>
      <VOUCHERFBTCATEGORY/>
      <TYPEOFTAXPAYMENT/>
      <VATCALCULATIONTYPE/>
      <VATWORKSCONTRACTTYPE/>
      <VATWCDESCRIPTION/>
      <GSTCLASS>&#4; Not Applicable</GSTCLASS>
      <SCHVIADJTYPE/>
      <GSTOVRDNCLASSIFICATION/>
      <GSTOVRDNNATURE/>
      <GSTOVRDNINELIGIBLEITC/>
      <GSTOVRDNISREVCHARGEAPPL/>
      <GSTOVRDNTAXABILITY/>
      <GSTHSNSACCODE/>
      <GSTSOURCETYPE/>
      <GSTITEMSOURCE/>
      <GSTLEDGERSOURCE/>
      <GSTGROUPSOURCE/>
      <GSTSTOCKGROUPSOURCE/>
      <HSNSOURCETYPE/>
      <HSNITEMSOURCE/>
      <HSNLEDGERSOURCE/>
      <HSNGROUPSOURCE/>
      <HSNSTOCKGROUPSOURCE/>
      <GSTOVRDNSTOREDNATURE/>
      <GSTOVRDNTYPEOFSUPPLY/>
      <GSTRATEINFERAPPLICABILITY/>
      <GSTOVRDNNATUREOFGOODS/>
      <GSTHSNNAME/>
      <GSTHSNDESCRIPTION/>
      <GSTHSNINFERAPPLICABILITY/>
      <HSNOVRDNCLASSIFICATION/>
      <STRDGSTFINALNATUREOFENTRY/>
      <STRDGSTDUTYHEAD/>
      <VATGOODSNATURE/>
      <GSTDEPGSTCLASSIFICATION/>
      <GSTDEPHSNCLASSIFICATION/>
      <POSPAYMENTTYPE/>
      <GSTPARTYLEDGER/>
      <ORIGPURCHPARTY/>
      <ORIGPURCHPARTYADDRESS/>
      <ORIGPURCHINVNO/>
      <ORIGPURCHNOTE/>
      <ISDEEMEDPOSITIVE>Yes</ISDEEMEDPOSITIVE>
      <LEDGERFROMITEM>No</LEDGERFROMITEM>
      <REMOVEZEROENTRIES/>
      <ISPARTYLEDGER>Yes</ISPARTYLEDGER>
      <GSTOVERRIDDEN>No</GSTOVERRIDDEN>
      <ISGSTASSESSABLEVALUEOVERRIDDEN>No</ISGSTASSESSABLEVALUEOVERRIDDEN>
      <STRDISGSTAPPLICABLE>No</STRDISGSTAPPLICABLE>
      <STRDGSTISPARTYLEDGER>No</STRDGSTISPARTYLEDGER>
      <STRDGSTISDUTYLEDGER>No</STRDGSTISDUTYLEDGER>
      <CONTENTNEGISPOS/>
      <ISLASTDEEMEDPOSITIVE>Yes</ISLASTDEEMEDPOSITIVE>
      <ISCAPVATTAXALTERED/>
      <ISCAPVATNOTCLAIMED>No</ISCAPVATNOTCLAIMED>
      <STCRADJPERCENT>0</STCRADJPERCENT>
      <ROUNDLIMIT>0</ROUNDLIMIT>
      <RATEOFADDLVAT>0</RATEOFADDLVAT>
      <RATEOFCESSONVAT>0</RATEOFCESSONVAT>
      <VATTAXRATE>0</VATTAXRATE>
      <VATITEMQTY>0</VATITEMQTY>
      <VATWCDEDUCTRATE>0</VATWCDEDUCTRATE>
      <PREVINVTOTALNUM>0</PREVINVTOTALNUM>
      <VATWCDEDUCTIONRATE>0</VATWCDEDUCTIONRATE>
      <GSTTAXRATE>0</GSTTAXRATE>
      <ORIGINVGOODSQTY>0</ORIGINVGOODSQTY>
      <CAPVATTAXRATE>0</CAPVATTAXRATE>
      <AMOUNT>-501.00</AMOUNT>
      <CESSASSVALONCLASS/>
      <ADDNLVATCLASSAMT/>
      <EIDISCOUNTAMT/>
      <FBTEXEMPTAMOUNT/>
      <VATASSESSABLEVALUE/>
      <VATWCCOSTOFLAND/>
      <VATWCDEDLABOURCHARGES/>
      <VATWCOTHERDEDUCTIONAMT/>
      <VATWCVALUEOFTAXFREEGOODS/>
      <VATWCOTHERCHARGES/>
      <VATWCSUBCONTRACTORAMT/>
      <VATWCDEDUCTAMT/>
      <WCTOTALDEDUCTIONAMT/>
      <PREVAMOUNT/>
      <PREVINVTOTALAMT/>
      <VATWCDEDUCTIONAMOUNT/>
      <ORIGINVGOODSVALUE/>
      <CENVATCAPTINPUTAMT/>
      <GSTASSESSABLEVALUE/>
      <IGSTLIABILITY/>
      <CGSTLIABILITY/>
      <SGSTLIABILITY/>
      <GSTCESSLIABILITY/>
      <GSTOVRDNASSESSABLEVALUE/>
      <GSTASSBLVALUE/>
      <STRDCOMPUTEDASSESSABLEVALUE/>
      <STRDCOMPUTEDIGST/>
      <STRDCOMPUTEDCGST/>
      <STRDCOMPUTEDSGST/>
      <STRDCOMPUTEDCESS/>
      <STRDCOMPUTEDCESSONQTY/>
      <ORIGINVGOODSTAXVALUE/>
      <VATWCESTABLISHMENTCOST/>
      <VATWCCONTRACTORPROFIT/>
      <VATWCPLANNINGDESIGNFEES/>
      <VATWCMACHINERYTOOLSCHARGES/>
      <VATWCCONSUMABLESCOST/>
      <VATEXPAMOUNT/>
      <VATASSBLVALUE/>
      <VATACCEPTEDTAXAMT/>
      <VATACCEPTEDADDLTAXAMT/>
      <CASHRECEIVED/>
      <CAPVATASSEABLEVALUE/>
      <CAPVATTAXVALUE/>
      <ORIGPURCHVALUE/>
      <SUPPLYMARGVAL/>
      <STRDAPPRSTATECESSGST/>
      <STRDAPPROPRIATEDDISCOUNT/>
      <STRDEXCISETAX/>
      <SERVICETAXDETAILS.LIST>      </SERVICETAXDETAILS.LIST>
      <BANKALLOCATIONS.LIST>      </BANKALLOCATIONS.LIST>
      <BILLALLOCATIONS.LIST>
       <BILLDATE TYPE="Date">20260301</BILLDATE>
       <YEAREND/>
       <BILLCREATIONDATE TYPE="Date">20260301</BILLCREATIONDATE>
       <NAME>Bill 101</NAME>
       <BILLCREDITPERIOD/>
       <TDSDEDUCTEESECTIONNUMBER/>
       <TDSLEDGERNC/>
       <SERVICETAXLEDGER/>
       <BILLTYPE>New Ref</BILLTYPE>
       <SUMNAME/>
       <TDSDEDUCTEEISSPECIALRATE>No</TDSDEDUCTEEISSPECIALRATE>
       <TDSDEDUCTEESPECIALRATE>0</TDSDEDUCTEESPECIALRATE>
       <BILLID TYPE="Number"> 7</BILLID>
       <AMOUNT>-501.00</AMOUNT>
       <INTERESTCOLLECTION.LIST>       </INTERESTCOLLECTION.LIST>
       <STBILLCATEGORIES.LIST>       </STBILLCATEGORIES.LIST>
      </BILLALLOCATIONS.LIST>
      <INTERESTCOLLECTION.LIST>      </INTERESTCOLLECTION.LIST>
      <OLDAUDITENTRIES.LIST>      </OLDAUDITENTRIES.LIST>
      <ACCOUNTAUDITENTRIES.LIST>      </ACCOUNTAUDITENTRIES.LIST>
      <AUDITENTRIES.LIST>      </AUDITENTRIES.LIST>
      <INPUTCRALLOCS.LIST>      </INPUTCRALLOCS.LIST>
      <DUTYHEADDETAILS.LIST>      </DUTYHEADDETAILS.LIST>
      <EXCISEDUTYHEADDETAILS.LIST>      </EXCISEDUTYHEADDETAILS.LIST>
      <RATEDETAILS.LIST>      </RATEDETAILS.LIST>
      <SUMMARYALLOCS.LIST>      </SUMMARYALLOCS.LIST>
      <CENVATDUTYALLOCATIONS.LIST>      </CENVATDUTYALLOCATIONS.LIST>
      <STPYMTDETAILS.LIST>      </STPYMTDETAILS.LIST>
      <EXCISEPAYMENTALLOCATIONS.LIST>      </EXCISEPAYMENTALLOCATIONS.LIST>
      <TAXBILLALLOCATIONS.LIST>      </TAXBILLALLOCATIONS.LIST>
      <TAXOBJECTALLOCATIONS.LIST>      </TAXOBJECTALLOCATIONS.LIST>
      <TDSEXPENSEALLOCATIONS.LIST>      </TDSEXPENSEALLOCATIONS.LIST>
      <VATSTATUTORYDETAILS.LIST>      </VATSTATUTORYDETAILS.LIST>
      <COSTTRACKALLOCATIONS.LIST>      </COSTTRACKALLOCATIONS.LIST>
      <REFVOUCHERDETAILS.LIST>      </REFVOUCHERDETAILS.LIST>
      <INVOICEWISEDETAILS.LIST>      </INVOICEWISEDETAILS.LIST>
      <VATITCDETAILS.LIST>      </VATITCDETAILS.LIST>
      <ADVANCETAXDETAILS.LIST>      </ADVANCETAXDETAILS.LIST>
      <TAXTYPEALLOCATIONS.LIST>      </TAXTYPEALLOCATIONS.LIST>
     </ALLLEDGERENTRIES.LIST>
     <ALLLEDGERENTRIES.LIST>
      <OLDAUDITENTRYIDS.LIST TYPE="Number">
       <OLDAUDITENTRYIDS>-1</OLDAUDITENTRYIDS>
      </OLDAUDITENTRYIDS.LIST>
      <ORIGPURCHINVDATE/>
      <NARRATION/>
      <ADDLALLOCTYPE/>
      <TAXCLASSIFICATIONNAME/>
      <APPROPRIATEFOR/>
      <GSTDUTYHEAD/>
      <GSTAPPROPRIATETO/>
      <NOTIFICATIONSLNO/>
      <EXCISEALLOCTYPE/>
      <SWIFTCODE/>
      <ROUNDTYPE/>
      <LEDGERNAME>Cash</LEDGERNAME>
      <TAXUNITNAME/>
      <STATNATURENAME/>
      <GOODSTYPE/>
      <VATTRADENAME/>
      <METHODTYPE/>
      <CLASSRATE/>
      <STATCLASSIFICATIONNAME/>
      <EXCISECLASSIFICATIONNAME/>
      <ISZRBASICSERVICE/>
      <VATCOMMODITYNAME/>
      <SCHEDULE/>
      <SCHEDULESERIALNUMBER/>
      <VATCOMMODITYCODE/>
      <VATSUBCOMMODITYCODE/>
      <VATMAJORCOMMODITYNAME/>
      <STRDGSTDERIVEDLOCATIONTYPE/>
      <STRDGSTDERIVEDTAXABILITY/>
      <STRDGSTDERIVEDNATURETYPE/>
      <STRDGSTDERIVEDSUPPLYTYPE/>
      <TDSPARTYNAME/>
      <VATPARTYORGNAME/>
      <XBRLADJTYPE/>
      <VOUCHERFBTCATEGORY/>
      <TYPEOFTAXPAYMENT/>
      <VATCALCULATIONTYPE/>
      <VATWORKSCONTRACTTYPE/>
      <VATWCDESCRIPTION/>
      <GSTCLASS>&#4; Not Applicable</GSTCLASS>
      <SCHVIADJTYPE/>
      <GSTOVRDNCLASSIFICATION/>
      <GSTOVRDNNATURE/>
      <GSTOVRDNINELIGIBLEITC/>
      <GSTOVRDNISREVCHARGEAPPL/>
      <GSTOVRDNTAXABILITY/>
      <GSTHSNSACCODE/>
      <GSTSOURCETYPE/>
      <GSTITEMSOURCE/>
      <GSTLEDGERSOURCE/>
      <GSTGROUPSOURCE/>
      <GSTSTOCKGROUPSOURCE/>
      <HSNSOURCETYPE/>
      <HSNITEMSOURCE/>
      <HSNLEDGERSOURCE/>
      <HSNGROUPSOURCE/>
      <HSNSTOCKGROUPSOURCE/>
      <GSTOVRDNSTOREDNATURE/>
      <GSTOVRDNTYPEOFSUPPLY/>
      <GSTRATEINFERAPPLICABILITY/>
      <GSTOVRDNNATUREOFGOODS/>
      <GSTHSNNAME/>
      <GSTHSNDESCRIPTION/>
      <GSTHSNINFERAPPLICABILITY/>
      <HSNOVRDNCLASSIFICATION/>
      <STRDGSTFINALNATUREOFENTRY/>
      <STRDGSTDUTYHEAD/>
      <VATGOODSNATURE/>
      <GSTDEPGSTCLASSIFICATION/>
      <GSTDEPHSNCLASSIFICATION/>
      <POSPAYMENTTYPE/>
      <GSTPARTYLEDGER/>
      <ORIGPURCHPARTY/>
      <ORIGPURCHPARTYADDRESS/>
      <ORIGPURCHINVNO/>
      <ORIGPURCHNOTE/>
      <ISDEEMEDPOSITIVE>No</ISDEEMEDPOSITIVE>
      <LEDGERFROMITEM>No</LEDGERFROMITEM>
      <REMOVEZEROENTRIES/>
      <ISPARTYLEDGER>Yes</ISPARTYLEDGER>
      <GSTOVERRIDDEN>No</GSTOVERRIDDEN>
      <ISGSTASSESSABLEVALUEOVERRIDDEN>No</ISGSTASSESSABLEVALUEOVERRIDDEN>
      <STRDISGSTAPPLICABLE>No</STRDISGSTAPPLICABLE>
      <STRDGSTISPARTYLEDGER>No</STRDGSTISPARTYLEDGER>
      <STRDGSTISDUTYLEDGER>No</STRDGSTISDUTYLEDGER>
      <CONTENTNEGISPOS/>
      <ISLASTDEEMEDPOSITIVE>No</ISLASTDEEMEDPOSITIVE>
      <ISCAPVATTAXALTERED/>
      <ISCAPVATNOTCLAIMED>No</ISCAPVATNOTCLAIMED>
      <STCRADJPERCENT>0</STCRADJPERCENT>
      <ROUNDLIMIT>0</ROUNDLIMIT>
      <RATEOFADDLVAT>0</RATEOFADDLVAT>
      <RATEOFCESSONVAT>0</RATEOFCESSONVAT>
      <VATTAXRATE>0</VATTAXRATE>
      <VATITEMQTY>0</VATITEMQTY>
      <VATWCDEDUCTRATE>0</VATWCDEDUCTRATE>
      <PREVINVTOTALNUM>0</PREVINVTOTALNUM>
      <VATWCDEDUCTIONRATE>0</VATWCDEDUCTIONRATE>
      <GSTTAXRATE>0</GSTTAXRATE>
      <ORIGINVGOODSQTY>0</ORIGINVGOODSQTY>
      <CAPVATTAXRATE>0</CAPVATTAXRATE>
      <AMOUNT>501.00</AMOUNT>
      <CESSASSVALONCLASS/>
      <ADDNLVATCLASSAMT/>
      <EIDISCOUNTAMT/>
      <FBTEXEMPTAMOUNT/>
      <VATASSESSABLEVALUE/>
      <VATWCCOSTOFLAND/>
      <VATWCDEDLABOURCHARGES/>
      <VATWCOTHERDEDUCTIONAMT/>
      <VATWCVALUEOFTAXFREEGOODS/>
      <VATWCOTHERCHARGES/>
      <VATWCSUBCONTRACTORAMT/>
      <VATWCDEDUCTAMT/>
      <WCTOTALDEDUCTIONAMT/>
      <PREVAMOUNT/>
      <PREVINVTOTALAMT/>
      <VATWCDEDUCTIONAMOUNT/>
      <ORIGINVGOODSVALUE/>
      <CENVATCAPTINPUTAMT/>
      <GSTASSESSABLEVALUE/>
      <IGSTLIABILITY/>
      <CGSTLIABILITY/>
      <SGSTLIABILITY/>
      <GSTCESSLIABILITY/>
      <GSTOVRDNASSESSABLEVALUE/>
      <GSTASSBLVALUE/>
      <STRDCOMPUTEDASSESSABLEVALUE/>
      <STRDCOMPUTEDIGST/>
      <STRDCOMPUTEDCGST/>
      <STRDCOMPUTEDSGST/>
      <STRDCOMPUTEDCESS/>
      <STRDCOMPUTEDCESSONQTY/>
      <ORIGINVGOODSTAXVALUE/>
      <VATWCESTABLISHMENTCOST/>
      <VATWCCONTRACTORPROFIT/>
      <VATWCPLANNINGDESIGNFEES/>
      <VATWCMACHINERYTOOLSCHARGES/>
      <VATWCCONSUMABLESCOST/>
      <VATEXPAMOUNT/>
      <VATASSBLVALUE/>
      <VATACCEPTEDTAXAMT/>
      <VATACCEPTEDADDLTAXAMT/>
      <CASHRECEIVED/>
      <CAPVATASSEABLEVALUE/>
      <CAPVATTAXVALUE/>
      <ORIGPURCHVALUE/>
      <SUPPLYMARGVAL/>
      <STRDAPPRSTATECESSGST/>
      <STRDAPPROPRIATEDDISCOUNT/>
      <STRDEXCISETAX/>
      <SERVICETAXDETAILS.LIST>      </SERVICETAXDETAILS.LIST>
      <BANKALLOCATIONS.LIST>      </BANKALLOCATIONS.LIST>
      <BILLALLOCATIONS.LIST>      </BILLALLOCATIONS.LIST>
      <INTERESTCOLLECTION.LIST>      </INTERESTCOLLECTION.LIST>
      <OLDAUDITENTRIES.LIST>      </OLDAUDITENTRIES.LIST>
      <ACCOUNTAUDITENTRIES.LIST>      </ACCOUNTAUDITENTRIES.LIST>
      <AUDITENTRIES.LIST>      </AUDITENTRIES.LIST>
      <INPUTCRALLOCS.LIST>      </INPUTCRALLOCS.LIST>
      <DUTYHEADDETAILS.LIST>      </DUTYHEADDETAILS.LIST>
      <EXCISEDUTYHEADDETAILS.LIST>      </EXCISEDUTYHEADDETAILS.LIST>
      <RATEDETAILS.LIST>      </RATEDETAILS.LIST>
      <SUMMARYALLOCS.LIST>      </SUMMARYALLOCS.LIST>
      <CENVATDUTYALLOCATIONS.LIST>      </CENVATDUTYALLOCATIONS.LIST>
      <STPYMTDETAILS.LIST>      </STPYMTDETAILS.LIST>
      <EXCISEPAYMENTALLOCATIONS.LIST>      </EXCISEPAYMENTALLOCATIONS.LIST>
      <TAXBILLALLOCATIONS.LIST>      </TAXBILLALLOCATIONS.LIST>
      <TAXOBJECTALLOCATIONS.LIST>      </TAXOBJECTALLOCATIONS.LIST>
      <TDSEXPENSEALLOCATIONS.LIST>      </TDSEXPENSEALLOCATIONS.LIST>
      <VATSTATUTORYDETAILS.LIST>      </VATSTATUTORYDETAILS.LIST>
      <COSTTRACKALLOCATIONS.LIST>      </COSTTRACKALLOCATIONS.LIST>
      <REFVOUCHERDETAILS.LIST>      </REFVOUCHERDETAILS.LIST>
      <INVOICEWISEDETAILS.LIST>      </INVOICEWISEDETAILS.LIST>
      <VATITCDETAILS.LIST>      </VATITCDETAILS.LIST>
      <ADVANCETAXDETAILS.LIST>      </ADVANCETAXDETAILS.LIST>
      <TAXTYPEALLOCATIONS.LIST>      </TAXTYPEALLOCATIONS.LIST>
     </ALLLEDGERENTRIES.LIST>
    </VOUCHER>
    <VOUCHER REMOTEID="755da616-c913-46c0-9ad0-de5499d071a0-00000014" VCHKEY="755da616-c913-46c0-9ad0-de5499d071a0-0000b420:00000008" VCHTYPE="Local Purchase" OBJVIEW="Invoice Voucher View">
     <DATE TYPE="Date">20260401</DATE>
     <REFERENCEDATE TYPE="Date"></REFERENCEDATE>
     <GUID>755da616-c913-46c0-9ad0-de5499d071a0-00000014</GUID>
     <GSTREGISTRATIONTYPE TYPE="String">Regular</GSTREGISTRATIONTYPE>
     <NARRATION TYPE="String"></NARRATION>
     <REQUESTORRULE/>
     <PARTYGSTIN TYPE="String"></PARTYGSTIN>
     <PLACEOFSUPPLY TYPE="String">Haryana</PLACEOFSUPPLY>
     <VOUCHERTYPENAME>Local Purchase</VOUCHERTYPENAME>
     <PARTYLEDGERNAME TYPE="String">Raja Babu</PARTYLEDGERNAME>
     <VOUCHERNUMBER>2</VOUCHERNUMBER>
     <BASICBUYERNAME TYPE="String">Sunil Ent (Client</BASICBUYERNAME>
     <REFERENCE TYPE="String"></REFERENCE>
     <SERIALMASTER TYPE="String"></SERIALMASTER>
     <ARESERIALMASTER TYPE="String"></ARESERIALMASTER>
     <NUMBERINGSTYLE>Auto Retain</NUMBERINGSTYLE>
     <PERSISTEDVIEW>Invoice Voucher View</PERSISTEDVIEW>
     <ISDELETED>No</ISDELETED>
     <ASORIGINAL>No</ASORIGINAL>
     <ISDEEMEDPOSITIVE TYPE="Logical">No</ISDEEMEDPOSITIVE>
     <ISOPTIONAL TYPE="Logical">No</ISOPTIONAL>
     <EFFECTIVEDATE TYPE="Date">20260401</EFFECTIVEDATE>
     <ISCANCELLED TYPE="Logical">No</ISCANCELLED>
     <ISINVOICE>Yes</ISINVOICE>
     <ASPAYSLIP>No</ASPAYSLIP>
     <ISDELETEDVCHRETAINED>No</ISDELETEDVCHRETAINED>
     <ISNEGISPOSSET TYPE="Logical">Yes</ISNEGISPOSSET>
     <ALTERID TYPE="Number"> 56</ALTERID>
     <MASTERID TYPE="Number"> 20</MASTERID>
     <VOUCHERKEY TYPE="Number">198049531953160</VOUCHERKEY>
     <VOUCHERRETAINKEY TYPE="Number">5</VOUCHERRETAINKEY>
     <REUSEHOLEID TYPE="Number">0</REUSEHOLEID>
     <VOUCHERNUMBERSERIES TYPE="String">Default</VOUCHERNUMBERSERIES>
     <ALLINVENTORYENTRIES.LIST>
      <ORIGINVOICEDATE/>
      <ORIGSALESINVDATE/>
      <DESCRIPTION/>
      <STOCKITEMNAME>3/4 CPVC Elbow</STOCKITEMNAME>
      <STATNATURENAME/>
      <EXCISECLASSIFICATIONNAME/>
      <ISZRBASICSERVICE/>
      <STRDGSTDERIVEDLOCATIONTYPE/>
      <STRDGSTDERIVEDTAXABILITY/>
      <STRDGSTDERIVEDNATURETYPE/>
      <STRDGSTDERIVEDSUPPLYTYPE/>
      <GSTOVRDNCLASSIFICATION/>
      <GSTOVRDNNATURE/>
      <GSTOVRDNINELIGIBLEITC>&#4; Not Applicable</GSTOVRDNINELIGIBLEITC>
      <GSTOVRDNISREVCHARGEAPPL>&#4; Not Applicable</GSTOVRDNISREVCHARGEAPPL>
      <GSTOVRDNTAXABILITY>Taxable</GSTOVRDNTAXABILITY>
      <GSTSOURCETYPE>Stock Item</GSTSOURCETYPE>
      <GSTITEMSOURCE>3/4 CPVC Elbow</GSTITEMSOURCE>
      <GSTLEDGERSOURCE/>
      <GSTGROUPSOURCE/>
      <GSTSTOCKGROUPSOURCE/>
      <HSNSOURCETYPE>Stock Item</HSNSOURCETYPE>
      <HSNITEMSOURCE>3/4 CPVC Elbow</HSNITEMSOURCE>
      <HSNLEDGERSOURCE/>
      <HSNGROUPSOURCE/>
      <HSNSTOCKGROUPSOURCE/>
      <GSTOVRDNSTOREDNATURE>&#4; System Inferred</GSTOVRDNSTOREDNATURE>
      <GSTOVRDNTYPEOFSUPPLY>Goods</GSTOVRDNTYPEOFSUPPLY>
      <GSTRATEINFERAPPLICABILITY>As per Masters/Company</GSTRATEINFERAPPLICABILITY>
      <GSTOVRDNNATUREOFGOODS/>
      <GSTHSNNAME>3918</GSTHSNNAME>
      <GSTHSNDESCRIPTION/>
      <GSTHSNINFERAPPLICABILITY>As per Masters/Company</GSTHSNINFERAPPLICABILITY>
      <HSNOVRDNCLASSIFICATION/>
      <STRDGSTFINALNATUREOFENTRY/>
      <GSTDEPGSTCLASSIFICATION/>
      <GSTDEPHSNCLASSIFICATION/>
      <EXCISETARIFF/>
      <EXCISEEXEMPTION/>
      <TRADERCNSALESNUMBER/>
      <BASICPACKAGEMARKS/>
      <BASICNUMPACKAGES/>
      <SDTAXCLASSIFICATIONNAME/>
      <NATUREOFCOMPONENT/>
      <COMPONENTLISTTYPE/>
      <DISPLAYNATUREOFCOMPONENT/>
      <BOMNAME/>
      <ORIGINVOICENUMBER/>
      <ORIGINVOICEBOOKNAME/>
      <ORIGSALESINVNO/>
      <EXCISERETURNINVOICENO/>
      <REASONOFREJECTION/>
      <EXCISECREDITPARTY/>
      <EXCISECREDITSTKITEM/>
      <EXCISECREDITCATEGORY/>
      <TRADERSUPPLIERINVOICENO/>
      <EXCISESALESINVOICENO/>
      <GSTITEMUQC/>
      <GSTITEMUQCUOM/>
      <ADDLAMOUNT/>
      <ISDEEMEDPOSITIVE>Yes</ISDEEMEDPOSITIVE>
      <ISGSTASSESSABLEVALUEOVERRIDDEN/>
      <STRDISGSTAPPLICABLE/>
      <CONTENTNEGISPOS/>
      <ISLASTDEEMEDPOSITIVE>Yes</ISLASTDEEMEDPOSITIVE>
      <ISAUTONEGATE>No</ISAUTONEGATE>
      <ISCUSTOMSCLEARANCE/>
      <ISTRACKCOMPONENT/>
      <ISTRACKPRODUCTION/>
      <ISPRIMARYITEM/>
      <ISSCRAP>No</ISSCRAP>
      <RATE>100.00/Nos</RATE>
      <DISCOUNT>0</DISCOUNT>
      <VATTAXRATE>0</VATTAXRATE>
      <ORIGINVGOODSQTY>0</ORIGINVGOODSQTY>
      <EXCISEMRPABATEMENT>0</EXCISEMRPABATEMENT>
      <ADDLCOSTPERC>0</ADDLCOSTPERC>
      <REVISEDRATEOFDUTY>0</REVISEDRATEOFDUTY>
      <ORIGRATEOFDUTY>0</ORIGRATEOFDUTY>
      <ORIGMRPABATEMENT>0</ORIGMRPABATEMENT>
      <EXCISERETURNDUTYRATE>0</EXCISERETURNDUTYRATE>
      <GVATEXCISERATE>0</GVATEXCISERATE>
      <AMOUNT>-5000.00</AMOUNT>
      <EXCISEASSESSABLEVALUE/>
      <CESSASSVALONCLASS/>
      <EIDISCOUNTAMT/>
      <VATASSESSABLEVALUE/>
      <VATWCDEDUCTAMT/>
      <WCTOTALDEDUCTIONAMT/>
      <ORIGINVGOODSVALUE/>
      <GSTOVRDNASSESSABLEVALUE/>
      <GSTASSBLVALUE/>
      <STRDCOMPUTEDASSESSABLEVALUE/>
      <STRDCOMPUTEDIGST/>
      <STRDCOMPUTEDCGST/>
      <STRDCOMPUTEDSGST/>
      <STRDCOMPUTEDCESS/>
      <STRDCOMPUTEDCESSONQTY/>
      <ORIGINVGOODSTAXVALUE/>
      <VATASSBLVALUE/>
      <VATACCEPTEDTAXAMT/>
      <VATACCEPTEDADDLTAXAMT/>
      <STRDAPPRSTATECESSGST/>
      <STRDAPPROPRIATEDDISCOUNT/>
      <STRDEXCISETAX/>
      <VATINPUTTAXCREDIT/>
      <VATELIGIBLECREDIT/>
      <GVATEXCISEAMT/>
      <ACTUALQTY> 50 Nos</ACTUALQTY>
      <BILLEDQTY> 50 Nos</BILLEDQTY>
      <ORIGACTUALQTY/>
      <ORIGBILLEDQTY/>
      <EXCISERETURNINVOICEQTY/>
      <USABLEQTY/>
      <EXCISECREDITPENDINGQTY/>
      <MRPRATE/>
      <EXCISEMRPRATE/>
      <ORIGRATE/>
      <REVISEDRATE/>
      <ESCALATIONRATE/>
      <ORIGMRPRATE/>
      <ORIGRATEOFQTY/>
      <REVISEDRATEOFQTY/>
      <INCLVATRATE/>
      <BATCHALLOCATIONS.LIST>
       <MFDON/>
       <ORDERYEAREND/>
       <TRACKINGYEAREND/>
       <ORDERPRECLOSUREDATE/>
       <NARRATION/>
       <GODOWNNAME>Main Location</GODOWNNAME>
       <BATCHNAME>Primary Batch</BATCHNAME>
       <DESTINATIONGODOWNNAME>Main Location</DESTINATIONGODOWNNAME>
       <INDENTNO>&#4; Not Applicable</INDENTNO>
       <ORDERTYPE/>
       <PARENTITEM/>
       <ORDERCLOSUREREASON/>
       <ORDERNO>&#4; Not Applicable</ORDERNO>
       <TRACKINGNUMBER>&#4; Not Applicable</TRACKINGNUMBER>
       <DYNAMICCSTNO/>
       <DYNAMICCSTPARENTITEM/>
       <SUMDYNAMICCSTNO/>
       <SUMBATCHNAME/>
       <SUMTRACKINGNUMBER/>
       <SUMORDERNO/>
       <SUMINDENTNO/>
       <ADDLAMOUNT/>
       <DYNAMICCSTISCLEARED>No</DYNAMICCSTISCLEARED>
       <BATCHID TYPE="Number"> 2</BATCHID>
       <BATCHDISCOUNT TYPE="Number">0</BATCHDISCOUNT>
       <AMOUNT>-5000.00</AMOUNT>
       <ADDLEXPENSEAMOUNT/>
       <BATCHDIFFVAL/>
       <ACTUALQTY> 50 Nos</ACTUALQTY>
       <BILLEDQTY> 50 Nos</BILLEDQTY>
       <ORDERPRECLOSUREQTY/>
       <ORIGACTUALQTY/>
       <ORIGBILLEDQTY/>
       <BATCHPHYSDIFF/>
       <ORIGRATE/>
       <REVISEDRATE/>
       <ESCALATIONRATE/>
       <INCLVATRATE/>
       <BATCHRATE TYPE="Rate">100.00/Nos</BATCHRATE>
       <EXPIRYPERIOD/>
       <INDENTDUEDATE/>
       <ORDERDUEDATE/>
       <ADDITIONALDETAILS.LIST>       </ADDITIONALDETAILS.LIST>
       <VOUCHERCOMPONENTLIST.LIST>       </VOUCHERCOMPONENTLIST.LIST>
      </BATCHALLOCATIONS.LIST>
      <ACCOUNTINGALLOCATIONS.LIST>
       <OLDAUDITENTRYIDS.LIST TYPE="Number">
        <OLDAUDITENTRYIDS>-1</OLDAUDITENTRYIDS>
       </OLDAUDITENTRYIDS.LIST>
       <ORIGPURCHINVDATE/>
       <NARRATION/>
       <ADDLALLOCTYPE/>
       <TAXCLASSIFICATIONNAME/>
       <APPROPRIATEFOR/>
       <GSTDUTYHEAD/>
       <GSTAPPROPRIATETO/>
       <NOTIFICATIONSLNO/>
       <EXCISEALLOCTYPE/>
       <SWIFTCODE/>
       <ROUNDTYPE/>
       <LEDGERNAME>Purchase Local</LEDGERNAME>
       <TAXUNITNAME/>
       <STATNATURENAME/>
       <GOODSTYPE/>
       <VATTRADENAME/>
       <METHODTYPE/>
       <CLASSRATE/>
       <STATCLASSIFICATIONNAME/>
       <EXCISECLASSIFICATIONNAME/>
       <ISZRBASICSERVICE/>
       <VATCOMMODITYNAME/>
       <SCHEDULE/>
       <SCHEDULESERIALNUMBER/>
       <VATCOMMODITYCODE/>
       <VATSUBCOMMODITYCODE/>
       <VATMAJORCOMMODITYNAME/>
       <STRDGSTDERIVEDLOCATIONTYPE/>
       <STRDGSTDERIVEDTAXABILITY/>
       <STRDGSTDERIVEDNATURETYPE/>
       <STRDGSTDERIVEDSUPPLYTYPE/>
       <TDSPARTYNAME/>
       <VATPARTYORGNAME/>
       <XBRLADJTYPE/>
       <VOUCHERFBTCATEGORY/>
       <TYPEOFTAXPAYMENT/>
       <VATCALCULATIONTYPE/>
       <VATWORKSCONTRACTTYPE/>
       <VATWCDESCRIPTION/>
       <GSTCLASS>&#4; Not Applicable</GSTCLASS>
       <SCHVIADJTYPE/>
       <GSTOVRDNCLASSIFICATION/>
       <GSTOVRDNNATURE/>
       <GSTOVRDNINELIGIBLEITC/>
       <GSTOVRDNISREVCHARGEAPPL/>
       <GSTOVRDNTAXABILITY/>
       <GSTHSNSACCODE/>
       <GSTSOURCETYPE/>
       <GSTITEMSOURCE/>
       <GSTLEDGERSOURCE/>
       <GSTGROUPSOURCE/>
       <GSTSTOCKGROUPSOURCE/>
       <HSNSOURCETYPE/>
       <HSNITEMSOURCE/>
       <HSNLEDGERSOURCE/>
       <HSNGROUPSOURCE/>
       <HSNSTOCKGROUPSOURCE/>
       <GSTOVRDNSTOREDNATURE/>
       <GSTOVRDNTYPEOFSUPPLY/>
       <GSTRATEINFERAPPLICABILITY/>
       <GSTOVRDNNATUREOFGOODS/>
       <GSTHSNNAME/>
       <GSTHSNDESCRIPTION/>
       <GSTHSNINFERAPPLICABILITY/>
       <HSNOVRDNCLASSIFICATION/>
       <STRDGSTFINALNATUREOFENTRY/>
       <STRDGSTDUTYHEAD/>
       <VATGOODSNATURE/>
       <GSTDEPGSTCLASSIFICATION/>
       <GSTDEPHSNCLASSIFICATION/>
       <POSPAYMENTTYPE/>
       <GSTPARTYLEDGER/>
       <ORIGPURCHPARTY/>
       <ORIGPURCHPARTYADDRESS/>
       <ORIGPURCHINVNO/>
       <ORIGPURCHNOTE/>
       <ISDEEMEDPOSITIVE>Yes</ISDEEMEDPOSITIVE>
       <LEDGERFROMITEM>No</LEDGERFROMITEM>
       <REMOVEZEROENTRIES/>
       <ISPARTYLEDGER>No</ISPARTYLEDGER>
       <GSTOVERRIDDEN>No</GSTOVERRIDDEN>
       <ISGSTASSESSABLEVALUEOVERRIDDEN>No</ISGSTASSESSABLEVALUEOVERRIDDEN>
       <STRDISGSTAPPLICABLE>No</STRDISGSTAPPLICABLE>
       <STRDGSTISPARTYLEDGER>No</STRDGSTISPARTYLEDGER>
       <STRDGSTISDUTYLEDGER>No</STRDGSTISDUTYLEDGER>
       <CONTENTNEGISPOS/>
       <ISLASTDEEMEDPOSITIVE>Yes</ISLASTDEEMEDPOSITIVE>
       <ISCAPVATTAXALTERED/>
       <ISCAPVATNOTCLAIMED>No</ISCAPVATNOTCLAIMED>
       <STCRADJPERCENT>0</STCRADJPERCENT>
       <ROUNDLIMIT>0</ROUNDLIMIT>
       <RATEOFADDLVAT>0</RATEOFADDLVAT>
       <RATEOFCESSONVAT>0</RATEOFCESSONVAT>
       <VATTAXRATE>0</VATTAXRATE>
       <VATITEMQTY>0</VATITEMQTY>
       <VATWCDEDUCTRATE>0</VATWCDEDUCTRATE>
       <PREVINVTOTALNUM>0</PREVINVTOTALNUM>
       <VATWCDEDUCTIONRATE>0</VATWCDEDUCTIONRATE>
       <GSTTAXRATE>0</GSTTAXRATE>
       <ORIGINVGOODSQTY>0</ORIGINVGOODSQTY>
       <CAPVATTAXRATE>0</CAPVATTAXRATE>
       <AMOUNT>-5000.00</AMOUNT>
       <CESSASSVALONCLASS/>
       <ADDNLVATCLASSAMT/>
       <EIDISCOUNTAMT/>
       <FBTEXEMPTAMOUNT/>
       <VATASSESSABLEVALUE/>
       <VATWCCOSTOFLAND/>
       <VATWCDEDLABOURCHARGES/>
       <VATWCOTHERDEDUCTIONAMT/>
       <VATWCVALUEOFTAXFREEGOODS/>
       <VATWCOTHERCHARGES/>
       <VATWCSUBCONTRACTORAMT/>
       <VATWCDEDUCTAMT/>
       <WCTOTALDEDUCTIONAMT/>
       <PREVAMOUNT/>
       <PREVINVTOTALAMT/>
       <VATWCDEDUCTIONAMOUNT/>
       <ORIGINVGOODSVALUE/>
       <CENVATCAPTINPUTAMT/>
       <GSTASSESSABLEVALUE/>
       <IGSTLIABILITY/>
       <CGSTLIABILITY/>
       <SGSTLIABILITY/>
       <GSTCESSLIABILITY/>
       <GSTOVRDNASSESSABLEVALUE/>
       <GSTASSBLVALUE/>
       <STRDCOMPUTEDASSESSABLEVALUE/>
       <STRDCOMPUTEDIGST/>
       <STRDCOMPUTEDCGST/>
       <STRDCOMPUTEDSGST/>
       <STRDCOMPUTEDCESS/>
       <STRDCOMPUTEDCESSONQTY/>
       <ORIGINVGOODSTAXVALUE/>
       <VATWCESTABLISHMENTCOST/>
       <VATWCCONTRACTORPROFIT/>
       <VATWCPLANNINGDESIGNFEES/>
       <VATWCMACHINERYTOOLSCHARGES/>
       <VATWCCONSUMABLESCOST/>
       <VATEXPAMOUNT/>
       <VATASSBLVALUE/>
       <VATACCEPTEDTAXAMT/>
       <VATACCEPTEDADDLTAXAMT/>
       <CASHRECEIVED/>
       <CAPVATASSEABLEVALUE/>
       <CAPVATTAXVALUE/>
       <ORIGPURCHVALUE/>
       <SUPPLYMARGVAL/>
       <STRDAPPRSTATECESSGST/>
       <STRDAPPROPRIATEDDISCOUNT/>
       <STRDEXCISETAX/>
       <SERVICETAXDETAILS.LIST>       </SERVICETAXDETAILS.LIST>
       <BANKALLOCATIONS.LIST>       </BANKALLOCATIONS.LIST>
       <BILLALLOCATIONS.LIST>       </BILLALLOCATIONS.LIST>
       <INTERESTCOLLECTION.LIST>       </INTERESTCOLLECTION.LIST>
       <OLDAUDITENTRIES.LIST>       </OLDAUDITENTRIES.LIST>
       <ACCOUNTAUDITENTRIES.LIST>       </ACCOUNTAUDITENTRIES.LIST>
       <AUDITENTRIES.LIST>       </AUDITENTRIES.LIST>
       <INPUTCRALLOCS.LIST>       </INPUTCRALLOCS.LIST>
       <DUTYHEADDETAILS.LIST>       </DUTYHEADDETAILS.LIST>
       <EXCISEDUTYHEADDETAILS.LIST>       </EXCISEDUTYHEADDETAILS.LIST>
       <RATEDETAILS.LIST>       </RATEDETAILS.LIST>
       <SUMMARYALLOCS.LIST>       </SUMMARYALLOCS.LIST>
       <CENVATDUTYALLOCATIONS.LIST>       </CENVATDUTYALLOCATIONS.LIST>
       <STPYMTDETAILS.LIST>       </STPYMTDETAILS.LIST>
       <EXCISEPAYMENTALLOCATIONS.LIST>       </EXCISEPAYMENTALLOCATIONS.LIST>
       <TAXBILLALLOCATIONS.LIST>       </TAXBILLALLOCATIONS.LIST>
       <TAXOBJECTALLOCATIONS.LIST>       </TAXOBJECTALLOCATIONS.LIST>
       <TDSEXPENSEALLOCATIONS.LIST>       </TDSEXPENSEALLOCATIONS.LIST>
       <VATSTATUTORYDETAILS.LIST>       </VATSTATUTORYDETAILS.LIST>
       <COSTTRACKALLOCATIONS.LIST>       </COSTTRACKALLOCATIONS.LIST>
       <REFVOUCHERDETAILS.LIST>       </REFVOUCHERDETAILS.LIST>
       <INVOICEWISEDETAILS.LIST>       </INVOICEWISEDETAILS.LIST>
       <VATITCDETAILS.LIST>       </VATITCDETAILS.LIST>
       <ADVANCETAXDETAILS.LIST>       </ADVANCETAXDETAILS.LIST>
       <TAXTYPEALLOCATIONS.LIST>       </TAXTYPEALLOCATIONS.LIST>
      </ACCOUNTINGALLOCATIONS.LIST>
      <DUTYHEADDETAILS.LIST>      </DUTYHEADDETAILS.LIST>
      <RATEDETAILS.LIST>
       <GSTRATEDUTYHEAD>CGST</GSTRATEDUTYHEAD>
       <GSTRATEVALUATIONTYPE>Based on Value</GSTRATEVALUATIONTYPE>
       <GSTRATE> 9</GSTRATE>
       <GSTRATEPERUNIT>0</GSTRATEPERUNIT>
      </RATEDETAILS.LIST>
      <RATEDETAILS.LIST>
       <GSTRATEDUTYHEAD>SGST/UTGST</GSTRATEDUTYHEAD>
       <GSTRATEVALUATIONTYPE>Based on Value</GSTRATEVALUATIONTYPE>
       <GSTRATE> 9</GSTRATE>
       <GSTRATEPERUNIT>0</GSTRATEPERUNIT>
      </RATEDETAILS.LIST>
      <RATEDETAILS.LIST>
       <GSTRATEDUTYHEAD>IGST</GSTRATEDUTYHEAD>
       <GSTRATEVALUATIONTYPE>Based on Value</GSTRATEVALUATIONTYPE>
       <GSTRATE> 18</GSTRATE>
       <GSTRATEPERUNIT>0</GSTRATEPERUNIT>
      </RATEDETAILS.LIST>
      <RATEDETAILS.LIST>
       <GSTRATEDUTYHEAD>Cess</GSTRATEDUTYHEAD>
       <GSTRATEVALUATIONTYPE>&#4; Not Applicable</GSTRATEVALUATIONTYPE>
       <GSTRATE>0</GSTRATE>
       <GSTRATEPERUNIT>0</GSTRATEPERUNIT>
      </RATEDETAILS.LIST>
      <RATEDETAILS.LIST>
       <GSTRATEDUTYHEAD>State Cess</GSTRATEDUTYHEAD>
       <GSTRATEVALUATIONTYPE>Based on Value</GSTRATEVALUATIONTYPE>
       <GSTRATE>0</GSTRATE>
       <GSTRATEPERUNIT>0</GSTRATEPERUNIT>
      </RATEDETAILS.LIST>
      <SUPPLEMENTARYDUTYHEADDETAILS.LIST>      </SUPPLEMENTARYDUTYHEADDETAILS.LIST>
      <TAXOBJECTALLOCATIONS.LIST>      </TAXOBJECTALLOCATIONS.LIST>
      <REFVOUCHERDETAILS.LIST>      </REFVOUCHERDETAILS.LIST>
      <EXCISEALLOCATIONS.LIST>      </EXCISEALLOCATIONS.LIST>
      <EXPENSEALLOCATIONS.LIST>      </EXPENSEALLOCATIONS.LIST>
     </ALLINVENTORYENTRIES.LIST>
     <LEDGERENTRIES.LIST>
      <LEDGERNAME TYPE="String">Raja Babu</LEDGERNAME>
      <ISDEEMEDPOSITIVE TYPE="Logical">No</ISDEEMEDPOSITIVE>
      <ISLASTDEEMEDPOSITIVE TYPE="Logical">No</ISLASTDEEMEDPOSITIVE>
      <AMOUNT TYPE="Amount">5900.00</AMOUNT>
      <BILLALLOCATIONS.LIST>
       <AMOUNT TYPE="Amount">5900.00</AMOUNT>
      </BILLALLOCATIONS.LIST>
      <COSTTRACKALLOCATIONS.LIST>      </COSTTRACKALLOCATIONS.LIST>
     </LEDGERENTRIES.LIST>
     <LEDGERENTRIES.LIST>
      <LEDGERNAME TYPE="String">CGST 9%</LEDGERNAME>
      <ISDEEMEDPOSITIVE TYPE="Logical">Yes</ISDEEMEDPOSITIVE>
      <ISLASTDEEMEDPOSITIVE TYPE="Logical">Yes</ISLASTDEEMEDPOSITIVE>
      <AMOUNT TYPE="Amount">-450.00</AMOUNT>
      <BILLALLOCATIONS.LIST>      </BILLALLOCATIONS.LIST>
      <COSTTRACKALLOCATIONS.LIST>      </COSTTRACKALLOCATIONS.LIST>
     </LEDGERENTRIES.LIST>
     <LEDGERENTRIES.LIST>
      <LEDGERNAME TYPE="String">SGST 9%</LEDGERNAME>
      <ISDEEMEDPOSITIVE TYPE="Logical">Yes</ISDEEMEDPOSITIVE>
      <ISLASTDEEMEDPOSITIVE TYPE="Logical">Yes</ISLASTDEEMEDPOSITIVE>
      <AMOUNT TYPE="Amount">-450.00</AMOUNT>
      <BILLALLOCATIONS.LIST>      </BILLALLOCATIONS.LIST>
      <COSTTRACKALLOCATIONS.LIST>      </COSTTRACKALLOCATIONS.LIST>
     </LEDGERENTRIES.LIST>
     <ALLLEDGERENTRIES.LIST>
      <OLDAUDITENTRYIDS.LIST TYPE="Number">
       <OLDAUDITENTRYIDS>-1</OLDAUDITENTRYIDS>
      </OLDAUDITENTRYIDS.LIST>
      <ORIGPURCHINVDATE/>
      <NARRATION/>
      <ADDLALLOCTYPE/>
      <TAXCLASSIFICATIONNAME/>
      <APPROPRIATEFOR/>
      <GSTDUTYHEAD/>
      <GSTAPPROPRIATETO/>
      <NOTIFICATIONSLNO/>
      <EXCISEALLOCTYPE/>
      <SWIFTCODE/>
      <ROUNDTYPE/>
      <LEDGERNAME>Raja Babu</LEDGERNAME>
      <TAXUNITNAME/>
      <STATNATURENAME/>
      <GOODSTYPE/>
      <VATTRADENAME/>
      <METHODTYPE/>
      <CLASSRATE/>
      <STATCLASSIFICATIONNAME/>
      <EXCISECLASSIFICATIONNAME/>
      <ISZRBASICSERVICE/>
      <VATCOMMODITYNAME/>
      <SCHEDULE/>
      <SCHEDULESERIALNUMBER/>
      <VATCOMMODITYCODE/>
      <VATSUBCOMMODITYCODE/>
      <VATMAJORCOMMODITYNAME/>
      <STRDGSTDERIVEDLOCATIONTYPE/>
      <STRDGSTDERIVEDTAXABILITY/>
      <STRDGSTDERIVEDNATURETYPE/>
      <STRDGSTDERIVEDSUPPLYTYPE/>
      <TDSPARTYNAME/>
      <VATPARTYORGNAME/>
      <XBRLADJTYPE/>
      <VOUCHERFBTCATEGORY/>
      <TYPEOFTAXPAYMENT/>
      <VATCALCULATIONTYPE/>
      <VATWORKSCONTRACTTYPE/>
      <VATWCDESCRIPTION/>
      <GSTCLASS>&#4; Not Applicable</GSTCLASS>
      <SCHVIADJTYPE/>
      <GSTOVRDNCLASSIFICATION/>
      <GSTOVRDNNATURE/>
      <GSTOVRDNINELIGIBLEITC/>
      <GSTOVRDNISREVCHARGEAPPL/>
      <GSTOVRDNTAXABILITY/>
      <GSTHSNSACCODE/>
      <GSTSOURCETYPE/>
      <GSTITEMSOURCE/>
      <GSTLEDGERSOURCE/>
      <GSTGROUPSOURCE/>
      <GSTSTOCKGROUPSOURCE/>
      <HSNSOURCETYPE/>
      <HSNITEMSOURCE/>
      <HSNLEDGERSOURCE/>
      <HSNGROUPSOURCE/>
      <HSNSTOCKGROUPSOURCE/>
      <GSTOVRDNSTOREDNATURE/>
      <GSTOVRDNTYPEOFSUPPLY/>
      <GSTRATEINFERAPPLICABILITY/>
      <GSTOVRDNNATUREOFGOODS/>
      <GSTHSNNAME/>
      <GSTHSNDESCRIPTION/>
      <GSTHSNINFERAPPLICABILITY/>
      <HSNOVRDNCLASSIFICATION/>
      <STRDGSTFINALNATUREOFENTRY/>
      <STRDGSTDUTYHEAD/>
      <VATGOODSNATURE/>
      <GSTDEPGSTCLASSIFICATION/>
      <GSTDEPHSNCLASSIFICATION/>
      <POSPAYMENTTYPE/>
      <GSTPARTYLEDGER/>
      <ORIGPURCHPARTY/>
      <ORIGPURCHPARTYADDRESS/>
      <ORIGPURCHINVNO/>
      <ORIGPURCHNOTE/>
      <ISDEEMEDPOSITIVE>No</ISDEEMEDPOSITIVE>
      <LEDGERFROMITEM>No</LEDGERFROMITEM>
      <REMOVEZEROENTRIES/>
      <ISPARTYLEDGER>Yes</ISPARTYLEDGER>
      <GSTOVERRIDDEN>No</GSTOVERRIDDEN>
      <ISGSTASSESSABLEVALUEOVERRIDDEN>No</ISGSTASSESSABLEVALUEOVERRIDDEN>
      <STRDISGSTAPPLICABLE>No</STRDISGSTAPPLICABLE>
      <STRDGSTISPARTYLEDGER>No</STRDGSTISPARTYLEDGER>
      <STRDGSTISDUTYLEDGER>No</STRDGSTISDUTYLEDGER>
      <CONTENTNEGISPOS/>
      <ISLASTDEEMEDPOSITIVE>No</ISLASTDEEMEDPOSITIVE>
      <ISCAPVATTAXALTERED/>
      <ISCAPVATNOTCLAIMED>No</ISCAPVATNOTCLAIMED>
      <STCRADJPERCENT>0</STCRADJPERCENT>
      <ROUNDLIMIT>0</ROUNDLIMIT>
      <RATEOFADDLVAT>0</RATEOFADDLVAT>
      <RATEOFCESSONVAT>0</RATEOFCESSONVAT>
      <VATTAXRATE>0</VATTAXRATE>
      <VATITEMQTY>0</VATITEMQTY>
      <VATWCDEDUCTRATE>0</VATWCDEDUCTRATE>
      <PREVINVTOTALNUM>0</PREVINVTOTALNUM>
      <VATWCDEDUCTIONRATE>0</VATWCDEDUCTIONRATE>
      <GSTTAXRATE>0</GSTTAXRATE>
      <ORIGINVGOODSQTY>0</ORIGINVGOODSQTY>
      <CAPVATTAXRATE>0</CAPVATTAXRATE>
      <AMOUNT>5900.00</AMOUNT>
      <CESSASSVALONCLASS/>
      <ADDNLVATCLASSAMT/>
      <EIDISCOUNTAMT/>
      <FBTEXEMPTAMOUNT/>
      <VATASSESSABLEVALUE/>
      <VATWCCOSTOFLAND/>
      <VATWCDEDLABOURCHARGES/>
      <VATWCOTHERDEDUCTIONAMT/>
      <VATWCVALUEOFTAXFREEGOODS/>
      <VATWCOTHERCHARGES/>
      <VATWCSUBCONTRACTORAMT/>
      <VATWCDEDUCTAMT/>
      <WCTOTALDEDUCTIONAMT/>
      <PREVAMOUNT/>
      <PREVINVTOTALAMT/>
      <VATWCDEDUCTIONAMOUNT/>
      <ORIGINVGOODSVALUE/>
      <CENVATCAPTINPUTAMT/>
      <GSTASSESSABLEVALUE/>
      <IGSTLIABILITY/>
      <CGSTLIABILITY/>
      <SGSTLIABILITY/>
      <GSTCESSLIABILITY/>
      <GSTOVRDNASSESSABLEVALUE/>
      <GSTASSBLVALUE/>
      <STRDCOMPUTEDASSESSABLEVALUE/>
      <STRDCOMPUTEDIGST/>
      <STRDCOMPUTEDCGST/>
      <STRDCOMPUTEDSGST/>
      <STRDCOMPUTEDCESS/>
      <STRDCOMPUTEDCESSONQTY/>
      <ORIGINVGOODSTAXVALUE/>
      <VATWCESTABLISHMENTCOST/>
      <VATWCCONTRACTORPROFIT/>
      <VATWCPLANNINGDESIGNFEES/>
      <VATWCMACHINERYTOOLSCHARGES/>
      <VATWCCONSUMABLESCOST/>
      <VATEXPAMOUNT/>
      <VATASSBLVALUE/>
      <VATACCEPTEDTAXAMT/>
      <VATACCEPTEDADDLTAXAMT/>
      <CASHRECEIVED/>
      <CAPVATASSEABLEVALUE/>
      <CAPVATTAXVALUE/>
      <ORIGPURCHVALUE/>
      <SUPPLYMARGVAL/>
      <STRDAPPRSTATECESSGST/>
      <STRDAPPROPRIATEDDISCOUNT/>
      <STRDEXCISETAX/>
      <SERVICETAXDETAILS.LIST>      </SERVICETAXDETAILS.LIST>
      <BANKALLOCATIONS.LIST>      </BANKALLOCATIONS.LIST>
      <BILLALLOCATIONS.LIST>
       <BILLDATE TYPE="Date">20260401</BILLDATE>
       <YEAREND/>
       <BILLCREATIONDATE TYPE="Date">20260401</BILLCREATIONDATE>
       <NAME>2</NAME>
       <BILLCREDITPERIOD/>
       <TDSDEDUCTEESECTIONNUMBER/>
       <TDSLEDGERNC/>
       <SERVICETAXLEDGER/>
       <BILLTYPE>New Ref</BILLTYPE>
       <SUMNAME/>
       <TDSDEDUCTEEISSPECIALRATE>No</TDSDEDUCTEEISSPECIALRATE>
       <TDSDEDUCTEESPECIALRATE>0</TDSDEDUCTEESPECIALRATE>
       <BILLID TYPE="Number"> 17</BILLID>
       <AMOUNT>5900.00</AMOUNT>
       <INTERESTCOLLECTION.LIST>       </INTERESTCOLLECTION.LIST>
       <STBILLCATEGORIES.LIST>       </STBILLCATEGORIES.LIST>
      </BILLALLOCATIONS.LIST>
      <INTERESTCOLLECTION.LIST>      </INTERESTCOLLECTION.LIST>
      <OLDAUDITENTRIES.LIST>      </OLDAUDITENTRIES.LIST>
      <ACCOUNTAUDITENTRIES.LIST>      </ACCOUNTAUDITENTRIES.LIST>
      <AUDITENTRIES.LIST>      </AUDITENTRIES.LIST>
      <INPUTCRALLOCS.LIST>      </INPUTCRALLOCS.LIST>
      <DUTYHEADDETAILS.LIST>      </DUTYHEADDETAILS.LIST>
      <EXCISEDUTYHEADDETAILS.LIST>      </EXCISEDUTYHEADDETAILS.LIST>
      <RATEDETAILS.LIST>      </RATEDETAILS.LIST>
      <SUMMARYALLOCS.LIST>      </SUMMARYALLOCS.LIST>
      <CENVATDUTYALLOCATIONS.LIST>      </CENVATDUTYALLOCATIONS.LIST>
      <STPYMTDETAILS.LIST>      </STPYMTDETAILS.LIST>
      <EXCISEPAYMENTALLOCATIONS.LIST>      </EXCISEPAYMENTALLOCATIONS.LIST>
      <TAXBILLALLOCATIONS.LIST>      </TAXBILLALLOCATIONS.LIST>
      <TAXOBJECTALLOCATIONS.LIST>      </TAXOBJECTALLOCATIONS.LIST>
      <TDSEXPENSEALLOCATIONS.LIST>      </TDSEXPENSEALLOCATIONS.LIST>
      <VATSTATUTORYDETAILS.LIST>      </VATSTATUTORYDETAILS.LIST>
      <COSTTRACKALLOCATIONS.LIST>      </COSTTRACKALLOCATIONS.LIST>
      <REFVOUCHERDETAILS.LIST>      </REFVOUCHERDETAILS.LIST>
      <INVOICEWISEDETAILS.LIST>      </INVOICEWISEDETAILS.LIST>
      <VATITCDETAILS.LIST>      </VATITCDETAILS.LIST>
      <ADVANCETAXDETAILS.LIST>      </ADVANCETAXDETAILS.LIST>
      <TAXTYPEALLOCATIONS.LIST>      </TAXTYPEALLOCATIONS.LIST>
     </ALLLEDGERENTRIES.LIST>
     <ALLLEDGERENTRIES.LIST>
      <OLDAUDITENTRYIDS.LIST TYPE="Number">
       <OLDAUDITENTRYIDS>-1</OLDAUDITENTRYIDS>
      </OLDAUDITENTRYIDS.LIST>
      <ORIGPURCHINVDATE/>
      <NARRATION/>
      <ADDLALLOCTYPE/>
      <TAXCLASSIFICATIONNAME/>
      <APPROPRIATEFOR/>
      <GSTDUTYHEAD/>
      <GSTAPPROPRIATETO/>
      <NOTIFICATIONSLNO/>
      <EXCISEALLOCTYPE/>
      <SWIFTCODE/>
      <ROUNDTYPE/>
      <LEDGERNAME>Purchase Local</LEDGERNAME>
      <TAXUNITNAME/>
      <STATNATURENAME/>
      <GOODSTYPE/>
      <VATTRADENAME/>
      <METHODTYPE/>
      <CLASSRATE/>
      <STATCLASSIFICATIONNAME/>
      <EXCISECLASSIFICATIONNAME/>
      <ISZRBASICSERVICE/>
      <VATCOMMODITYNAME/>
      <SCHEDULE/>
      <SCHEDULESERIALNUMBER/>
      <VATCOMMODITYCODE/>
      <VATSUBCOMMODITYCODE/>
      <VATMAJORCOMMODITYNAME/>
      <STRDGSTDERIVEDLOCATIONTYPE/>
      <STRDGSTDERIVEDTAXABILITY/>
      <STRDGSTDERIVEDNATURETYPE/>
      <STRDGSTDERIVEDSUPPLYTYPE/>
      <TDSPARTYNAME/>
      <VATPARTYORGNAME/>
      <XBRLADJTYPE/>
      <VOUCHERFBTCATEGORY/>
      <TYPEOFTAXPAYMENT/>
      <VATCALCULATIONTYPE/>
      <VATWORKSCONTRACTTYPE/>
      <VATWCDESCRIPTION/>
      <GSTCLASS>&#4; Not Applicable</GSTCLASS>
      <SCHVIADJTYPE/>
      <GSTOVRDNCLASSIFICATION/>
      <GSTOVRDNNATURE/>
      <GSTOVRDNINELIGIBLEITC/>
      <GSTOVRDNISREVCHARGEAPPL/>
      <GSTOVRDNTAXABILITY/>
      <GSTHSNSACCODE/>
      <GSTSOURCETYPE/>
      <GSTITEMSOURCE/>
      <GSTLEDGERSOURCE/>
      <GSTGROUPSOURCE/>
      <GSTSTOCKGROUPSOURCE/>
      <HSNSOURCETYPE/>
      <HSNITEMSOURCE/>
      <HSNLEDGERSOURCE/>
      <HSNGROUPSOURCE/>
      <HSNSTOCKGROUPSOURCE/>
      <GSTOVRDNSTOREDNATURE/>
      <GSTOVRDNTYPEOFSUPPLY/>
      <GSTRATEINFERAPPLICABILITY/>
      <GSTOVRDNNATUREOFGOODS/>
      <GSTHSNNAME/>
      <GSTHSNDESCRIPTION/>
      <GSTHSNINFERAPPLICABILITY/>
      <HSNOVRDNCLASSIFICATION/>
      <STRDGSTFINALNATUREOFENTRY/>
      <STRDGSTDUTYHEAD/>
      <VATGOODSNATURE/>
      <GSTDEPGSTCLASSIFICATION/>
      <GSTDEPHSNCLASSIFICATION/>
      <POSPAYMENTTYPE/>
      <GSTPARTYLEDGER/>
      <ORIGPURCHPARTY/>
      <ORIGPURCHPARTYADDRESS/>
      <ORIGPURCHINVNO/>
      <ORIGPURCHNOTE/>
      <ISDEEMEDPOSITIVE>Yes</ISDEEMEDPOSITIVE>
      <LEDGERFROMITEM>No</LEDGERFROMITEM>
      <REMOVEZEROENTRIES/>
      <ISPARTYLEDGER>No</ISPARTYLEDGER>
      <GSTOVERRIDDEN>No</GSTOVERRIDDEN>
      <ISGSTASSESSABLEVALUEOVERRIDDEN>No</ISGSTASSESSABLEVALUEOVERRIDDEN>
      <STRDISGSTAPPLICABLE>No</STRDISGSTAPPLICABLE>
      <STRDGSTISPARTYLEDGER>No</STRDGSTISPARTYLEDGER>
      <STRDGSTISDUTYLEDGER>No</STRDGSTISDUTYLEDGER>
      <CONTENTNEGISPOS/>
      <ISLASTDEEMEDPOSITIVE>Yes</ISLASTDEEMEDPOSITIVE>
      <ISCAPVATTAXALTERED/>
      <ISCAPVATNOTCLAIMED>No</ISCAPVATNOTCLAIMED>
      <STCRADJPERCENT>0</STCRADJPERCENT>
      <ROUNDLIMIT>0</ROUNDLIMIT>
      <RATEOFADDLVAT>0</RATEOFADDLVAT>
      <RATEOFCESSONVAT>0</RATEOFCESSONVAT>
      <VATTAXRATE>0</VATTAXRATE>
      <VATITEMQTY>0</VATITEMQTY>
      <VATWCDEDUCTRATE>0</VATWCDEDUCTRATE>
      <PREVINVTOTALNUM>0</PREVINVTOTALNUM>
      <VATWCDEDUCTIONRATE>0</VATWCDEDUCTIONRATE>
      <GSTTAXRATE>0</GSTTAXRATE>
      <ORIGINVGOODSQTY>0</ORIGINVGOODSQTY>
      <CAPVATTAXRATE>0</CAPVATTAXRATE>
      <AMOUNT>-5000.00</AMOUNT>
      <CESSASSVALONCLASS/>
      <ADDNLVATCLASSAMT/>
      <EIDISCOUNTAMT/>
      <FBTEXEMPTAMOUNT/>
      <VATASSESSABLEVALUE/>
      <VATWCCOSTOFLAND/>
      <VATWCDEDLABOURCHARGES/>
      <VATWCOTHERDEDUCTIONAMT/>
      <VATWCVALUEOFTAXFREEGOODS/>
      <VATWCOTHERCHARGES/>
      <VATWCSUBCONTRACTORAMT/>
      <VATWCDEDUCTAMT/>
      <WCTOTALDEDUCTIONAMT/>
      <PREVAMOUNT/>
      <PREVINVTOTALAMT/>
      <VATWCDEDUCTIONAMOUNT/>
      <ORIGINVGOODSVALUE/>
      <CENVATCAPTINPUTAMT/>
      <GSTASSESSABLEVALUE/>
      <IGSTLIABILITY/>
      <CGSTLIABILITY/>
      <SGSTLIABILITY/>
      <GSTCESSLIABILITY/>
      <GSTOVRDNASSESSABLEVALUE/>
      <GSTASSBLVALUE/>
      <STRDCOMPUTEDASSESSABLEVALUE/>
      <STRDCOMPUTEDIGST/>
      <STRDCOMPUTEDCGST/>
      <STRDCOMPUTEDSGST/>
      <STRDCOMPUTEDCESS/>
      <STRDCOMPUTEDCESSONQTY/>
      <ORIGINVGOODSTAXVALUE/>
      <VATWCESTABLISHMENTCOST/>
      <VATWCCONTRACTORPROFIT/>
      <VATWCPLANNINGDESIGNFEES/>
      <VATWCMACHINERYTOOLSCHARGES/>
      <VATWCCONSUMABLESCOST/>
      <VATEXPAMOUNT/>
      <VATASSBLVALUE/>
      <VATACCEPTEDTAXAMT/>
      <VATACCEPTEDADDLTAXAMT/>
      <CASHRECEIVED/>
      <CAPVATASSEABLEVALUE/>
      <CAPVATTAXVALUE/>
      <ORIGPURCHVALUE/>
      <SUPPLYMARGVAL/>
      <STRDAPPRSTATECESSGST/>
      <STRDAPPROPRIATEDDISCOUNT/>
      <STRDEXCISETAX/>
      <SERVICETAXDETAILS.LIST>      </SERVICETAXDETAILS.LIST>
      <BANKALLOCATIONS.LIST>      </BANKALLOCATIONS.LIST>
      <BILLALLOCATIONS.LIST>      </BILLALLOCATIONS.LIST>
      <INTERESTCOLLECTION.LIST>      </INTERESTCOLLECTION.LIST>
      <OLDAUDITENTRIES.LIST>      </OLDAUDITENTRIES.LIST>
      <ACCOUNTAUDITENTRIES.LIST>      </ACCOUNTAUDITENTRIES.LIST>
      <AUDITENTRIES.LIST>      </AUDITENTRIES.LIST>
      <INPUTCRALLOCS.LIST>      </INPUTCRALLOCS.LIST>
      <INVENTORYALLOCATIONS.LIST>
       <ORIGINVOICEDATE/>
       <ORIGSALESINVDATE/>
       <DESCRIPTION/>
       <STOCKITEMNAME>3/4 CPVC Elbow</STOCKITEMNAME>
       <STATNATURENAME/>
       <EXCISECLASSIFICATIONNAME/>
       <ISZRBASICSERVICE/>
       <STRDGSTDERIVEDLOCATIONTYPE/>
       <STRDGSTDERIVEDTAXABILITY/>
       <STRDGSTDERIVEDNATURETYPE/>
       <STRDGSTDERIVEDSUPPLYTYPE/>
       <GSTOVRDNCLASSIFICATION/>
       <GSTOVRDNNATURE/>
       <GSTOVRDNINELIGIBLEITC>&#4; Not Applicable</GSTOVRDNINELIGIBLEITC>
       <GSTOVRDNISREVCHARGEAPPL>&#4; Not Applicable</GSTOVRDNISREVCHARGEAPPL>
       <GSTOVRDNTAXABILITY>Taxable</GSTOVRDNTAXABILITY>
       <GSTSOURCETYPE>Stock Item</GSTSOURCETYPE>
       <GSTITEMSOURCE>3/4 CPVC Elbow</GSTITEMSOURCE>
       <GSTLEDGERSOURCE/>
       <GSTGROUPSOURCE/>
       <GSTSTOCKGROUPSOURCE/>
       <HSNSOURCETYPE>Stock Item</HSNSOURCETYPE>
       <HSNITEMSOURCE>3/4 CPVC Elbow</HSNITEMSOURCE>
       <HSNLEDGERSOURCE/>
       <HSNGROUPSOURCE/>
       <HSNSTOCKGROUPSOURCE/>
       <GSTOVRDNSTOREDNATURE>&#4; System Inferred</GSTOVRDNSTOREDNATURE>
       <GSTOVRDNTYPEOFSUPPLY>Goods</GSTOVRDNTYPEOFSUPPLY>
       <GSTRATEINFERAPPLICABILITY>As per Masters/Company</GSTRATEINFERAPPLICABILITY>
       <GSTOVRDNNATUREOFGOODS/>
       <GSTHSNNAME>3918</GSTHSNNAME>
       <GSTHSNDESCRIPTION/>
       <GSTHSNINFERAPPLICABILITY>As per Masters/Company</GSTHSNINFERAPPLICABILITY>
       <HSNOVRDNCLASSIFICATION/>
       <STRDGSTFINALNATUREOFENTRY/>
       <GSTDEPGSTCLASSIFICATION/>
       <GSTDEPHSNCLASSIFICATION/>
       <EXCISETARIFF/>
       <EXCISEEXEMPTION/>
       <TRADERCNSALESNUMBER/>
       <BASICPACKAGEMARKS/>
       <BASICNUMPACKAGES/>
       <SDTAXCLASSIFICATIONNAME/>
       <NATUREOFCOMPONENT/>
       <COMPONENTLISTTYPE/>
       <DISPLAYNATUREOFCOMPONENT/>
       <BOMNAME/>
       <ORIGINVOICENUMBER/>
       <ORIGINVOICEBOOKNAME/>
       <ORIGSALESINVNO/>
       <EXCISERETURNINVOICENO/>
       <REASONOFREJECTION/>
       <EXCISECREDITPARTY/>
       <EXCISECREDITSTKITEM/>
       <EXCISECREDITCATEGORY/>
       <TRADERSUPPLIERINVOICENO/>
       <EXCISESALESINVOICENO/>
       <GSTITEMUQC/>
       <GSTITEMUQCUOM/>
       <ADDLAMOUNT/>
       <ISDEEMEDPOSITIVE>Yes</ISDEEMEDPOSITIVE>
       <ISGSTASSESSABLEVALUEOVERRIDDEN/>
       <STRDISGSTAPPLICABLE/>
       <CONTENTNEGISPOS/>
       <ISLASTDEEMEDPOSITIVE>Yes</ISLASTDEEMEDPOSITIVE>
       <ISAUTONEGATE>No</ISAUTONEGATE>
       <ISCUSTOMSCLEARANCE/>
       <ISTRACKCOMPONENT/>
       <ISTRACKPRODUCTION/>
       <ISPRIMARYITEM/>
       <ISSCRAP>No</ISSCRAP>
       <RATE>100.00/Nos</RATE>
       <DISCOUNT>0</DISCOUNT>
       <VATTAXRATE>0</VATTAXRATE>
       <ORIGINVGOODSQTY>0</ORIGINVGOODSQTY>
       <EXCISEMRPABATEMENT>0</EXCISEMRPABATEMENT>
       <ADDLCOSTPERC>0</ADDLCOSTPERC>
       <REVISEDRATEOFDUTY>0</REVISEDRATEOFDUTY>
       <ORIGRATEOFDUTY>0</ORIGRATEOFDUTY>
       <ORIGMRPABATEMENT>0</ORIGMRPABATEMENT>
       <EXCISERETURNDUTYRATE>0</EXCISERETURNDUTYRATE>
       <GVATEXCISERATE>0</GVATEXCISERATE>
       <AMOUNT>-5000.00</AMOUNT>
       <EXCISEASSESSABLEVALUE/>
       <CESSASSVALONCLASS/>
       <EIDISCOUNTAMT/>
       <VATASSESSABLEVALUE/>
       <VATWCDEDUCTAMT/>
       <WCTOTALDEDUCTIONAMT/>
       <ORIGINVGOODSVALUE/>
       <GSTOVRDNASSESSABLEVALUE/>
       <GSTASSBLVALUE/>
       <STRDCOMPUTEDASSESSABLEVALUE/>
       <STRDCOMPUTEDIGST/>
       <STRDCOMPUTEDCGST/>
       <STRDCOMPUTEDSGST/>
       <STRDCOMPUTEDCESS/>
       <STRDCOMPUTEDCESSONQTY/>
       <ORIGINVGOODSTAXVALUE/>
       <VATASSBLVALUE/>
       <VATACCEPTEDTAXAMT/>
       <VATACCEPTEDADDLTAXAMT/>
       <STRDAPPRSTATECESSGST/>
       <STRDAPPROPRIATEDDISCOUNT/>
       <STRDEXCISETAX/>
       <VATINPUTTAXCREDIT/>
       <VATELIGIBLECREDIT/>
       <GVATEXCISEAMT/>
       <ACTUALQTY> 50 Nos</ACTUALQTY>
       <BILLEDQTY> 50 Nos</BILLEDQTY>
       <ORIGACTUALQTY/>
       <ORIGBILLEDQTY/>
       <EXCISERETURNINVOICEQTY/>
       <USABLEQTY/>
       <EXCISECREDITPENDINGQTY/>
       <MRPRATE/>
       <EXCISEMRPRATE/>
       <ORIGRATE/>
       <REVISEDRATE/>
       <ESCALATIONRATE/>
       <ORIGMRPRATE/>
       <ORIGRATEOFQTY/>
       <REVISEDRATEOFQTY/>
       <INCLVATRATE/>
       <BATCHALLOCATIONS.LIST>
        <MFDON/>
        <ORDERYEAREND/>
        <TRACKINGYEAREND/>
        <ORDERPRECLOSUREDATE/>
        <NARRATION/>
        <GODOWNNAME>Main Location</GODOWNNAME>
        <BATCHNAME>Primary Batch</BATCHNAME>
        <DESTINATIONGODOWNNAME>Main Location</DESTINATIONGODOWNNAME>
        <INDENTNO>&#4; Not Applicable</INDENTNO>
        <ORDERTYPE/>
        <PARENTITEM/>
        <ORDERCLOSUREREASON/>
        <ORDERNO>&#4; Not Applicable</ORDERNO>
        <TRACKINGNUMBER>&#4; Not Applicable</TRACKINGNUMBER>
        <DYNAMICCSTNO/>
        <DYNAMICCSTPARENTITEM/>
        <SUMDYNAMICCSTNO/>
        <SUMBATCHNAME/>
        <SUMTRACKINGNUMBER/>
        <SUMORDERNO/>
        <SUMINDENTNO/>
        <ADDLAMOUNT/>
        <DYNAMICCSTISCLEARED>No</DYNAMICCSTISCLEARED>
        <BATCHID TYPE="Number"> 2</BATCHID>
        <BATCHDISCOUNT TYPE="Number">0</BATCHDISCOUNT>
        <AMOUNT>-5000.00</AMOUNT>
        <ADDLEXPENSEAMOUNT/>
        <BATCHDIFFVAL/>
        <ACTUALQTY> 50 Nos</ACTUALQTY>
        <BILLEDQTY> 50 Nos</BILLEDQTY>
        <ORDERPRECLOSUREQTY/>
        <ORIGACTUALQTY/>
        <ORIGBILLEDQTY/>
        <BATCHPHYSDIFF/>
        <ORIGRATE/>
        <REVISEDRATE/>
        <ESCALATIONRATE/>
        <INCLVATRATE/>
        <BATCHRATE TYPE="Rate">100.00/Nos</BATCHRATE>
        <EXPIRYPERIOD/>
        <INDENTDUEDATE/>
        <ORDERDUEDATE/>
        <ADDITIONALDETAILS.LIST>        </ADDITIONALDETAILS.LIST>
        <VOUCHERCOMPONENTLIST.LIST>        </VOUCHERCOMPONENTLIST.LIST>
       </BATCHALLOCATIONS.LIST>
       <DUTYHEADDETAILS.LIST>       </DUTYHEADDETAILS.LIST>
       <RATEDETAILS.LIST>
        <GSTRATEDUTYHEAD>CGST</GSTRATEDUTYHEAD>
        <GSTRATEVALUATIONTYPE>Based on Value</GSTRATEVALUATIONTYPE>
        <GSTRATE> 9</GSTRATE>
        <GSTRATEPERUNIT>0</GSTRATEPERUNIT>
       </RATEDETAILS.LIST>
       <RATEDETAILS.LIST>
        <GSTRATEDUTYHEAD>SGST/UTGST</GSTRATEDUTYHEAD>
        <GSTRATEVALUATIONTYPE>Based on Value</GSTRATEVALUATIONTYPE>
        <GSTRATE> 9</GSTRATE>
        <GSTRATEPERUNIT>0</GSTRATEPERUNIT>
       </RATEDETAILS.LIST>
       <RATEDETAILS.LIST>
        <GSTRATEDUTYHEAD>IGST</GSTRATEDUTYHEAD>
        <GSTRATEVALUATIONTYPE>Based on Value</GSTRATEVALUATIONTYPE>
        <GSTRATE> 18</GSTRATE>
        <GSTRATEPERUNIT>0</GSTRATEPERUNIT>
       </RATEDETAILS.LIST>
       <RATEDETAILS.LIST>
        <GSTRATEDUTYHEAD>Cess</GSTRATEDUTYHEAD>
        <GSTRATEVALUATIONTYPE>&#4; Not Applicable</GSTRATEVALUATIONTYPE>
        <GSTRATE>0</GSTRATE>
        <GSTRATEPERUNIT>0</GSTRATEPERUNIT>
       </RATEDETAILS.LIST>
       <RATEDETAILS.LIST>
        <GSTRATEDUTYHEAD>State Cess</GSTRATEDUTYHEAD>
        <GSTRATEVALUATIONTYPE>Based on Value</GSTRATEVALUATIONTYPE>
        <GSTRATE>0</GSTRATE>
        <GSTRATEPERUNIT>0</GSTRATEPERUNIT>
       </RATEDETAILS.LIST>
       <SUPPLEMENTARYDUTYHEADDETAILS.LIST>       </SUPPLEMENTARYDUTYHEADDETAILS.LIST>
       <TAXOBJECTALLOCATIONS.LIST>       </TAXOBJECTALLOCATIONS.LIST>
       <COSTTRACKALLOCATIONS.LIST>       </COSTTRACKALLOCATIONS.LIST>
       <REFVOUCHERDETAILS.LIST>       </REFVOUCHERDETAILS.LIST>
       <EXCISEALLOCATIONS.LIST>       </EXCISEALLOCATIONS.LIST>
       <EXPENSEALLOCATIONS.LIST>       </EXPENSEALLOCATIONS.LIST>
      </INVENTORYALLOCATIONS.LIST>
      <DUTYHEADDETAILS.LIST>      </DUTYHEADDETAILS.LIST>
      <EXCISEDUTYHEADDETAILS.LIST>      </EXCISEDUTYHEADDETAILS.LIST>
      <RATEDETAILS.LIST>      </RATEDETAILS.LIST>
      <SUMMARYALLOCS.LIST>      </SUMMARYALLOCS.LIST>
      <CENVATDUTYALLOCATIONS.LIST>      </CENVATDUTYALLOCATIONS.LIST>
      <STPYMTDETAILS.LIST>      </STPYMTDETAILS.LIST>
      <EXCISEPAYMENTALLOCATIONS.LIST>      </EXCISEPAYMENTALLOCATIONS.LIST>
      <TAXBILLALLOCATIONS.LIST>      </TAXBILLALLOCATIONS.LIST>
      <TAXOBJECTALLOCATIONS.LIST>      </TAXOBJECTALLOCATIONS.LIST>
      <TDSEXPENSEALLOCATIONS.LIST>      </TDSEXPENSEALLOCATIONS.LIST>
      <VATSTATUTORYDETAILS.LIST>      </VATSTATUTORYDETAILS.LIST>
      <REFVOUCHERDETAILS.LIST>      </REFVOUCHERDETAILS.LIST>
      <INVOICEWISEDETAILS.LIST>      </INVOICEWISEDETAILS.LIST>
      <VATITCDETAILS.LIST>      </VATITCDETAILS.LIST>
      <ADVANCETAXDETAILS.LIST>      </ADVANCETAXDETAILS.LIST>
      <TAXTYPEALLOCATIONS.LIST>      </TAXTYPEALLOCATIONS.LIST>
     </ALLLEDGERENTRIES.LIST>
     <ALLLEDGERENTRIES.LIST>
      <OLDAUDITENTRYIDS.LIST TYPE="Number">
       <OLDAUDITENTRYIDS>-1</OLDAUDITENTRYIDS>
      </OLDAUDITENTRYIDS.LIST>
      <ORIGPURCHINVDATE/>
      <NARRATION/>
      <ADDLALLOCTYPE/>
      <TAXCLASSIFICATIONNAME/>
      <APPROPRIATEFOR/>
      <GSTDUTYHEAD/>
      <GSTAPPROPRIATETO/>
      <NOTIFICATIONSLNO/>
      <EXCISEALLOCTYPE/>
      <SWIFTCODE/>
      <ROUNDTYPE>&#4; Not Applicable</ROUNDTYPE>
      <LEDGERNAME>CGST 9%</LEDGERNAME>
      <TAXUNITNAME/>
      <STATNATURENAME/>
      <GOODSTYPE/>
      <VATTRADENAME/>
      <METHODTYPE/>
      <CLASSRATE/>
      <STATCLASSIFICATIONNAME/>
      <EXCISECLASSIFICATIONNAME/>
      <ISZRBASICSERVICE/>
      <VATCOMMODITYNAME/>
      <SCHEDULE/>
      <SCHEDULESERIALNUMBER/>
      <VATCOMMODITYCODE/>
      <VATSUBCOMMODITYCODE/>
      <VATMAJORCOMMODITYNAME/>
      <STRDGSTDERIVEDLOCATIONTYPE/>
      <STRDGSTDERIVEDTAXABILITY/>
      <STRDGSTDERIVEDNATURETYPE/>
      <STRDGSTDERIVEDSUPPLYTYPE/>
      <TDSPARTYNAME/>
      <VATPARTYORGNAME/>
      <XBRLADJTYPE/>
      <VOUCHERFBTCATEGORY/>
      <TYPEOFTAXPAYMENT/>
      <VATCALCULATIONTYPE/>
      <VATWORKSCONTRACTTYPE/>
      <VATWCDESCRIPTION/>
      <GSTCLASS>&#4; Not Applicable</GSTCLASS>
      <SCHVIADJTYPE/>
      <GSTOVRDNCLASSIFICATION/>
      <GSTOVRDNNATURE/>
      <GSTOVRDNINELIGIBLEITC/>
      <GSTOVRDNISREVCHARGEAPPL/>
      <GSTOVRDNTAXABILITY/>
      <GSTHSNSACCODE/>
      <GSTSOURCETYPE/>
      <GSTITEMSOURCE/>
      <GSTLEDGERSOURCE/>
      <GSTGROUPSOURCE/>
      <GSTSTOCKGROUPSOURCE/>
      <HSNSOURCETYPE/>
      <HSNITEMSOURCE/>
      <HSNLEDGERSOURCE/>
      <HSNGROUPSOURCE/>
      <HSNSTOCKGROUPSOURCE/>
      <GSTOVRDNSTOREDNATURE/>
      <GSTOVRDNTYPEOFSUPPLY/>
      <GSTRATEINFERAPPLICABILITY/>
      <GSTOVRDNNATUREOFGOODS/>
      <GSTHSNNAME/>
      <GSTHSNDESCRIPTION/>
      <GSTHSNINFERAPPLICABILITY/>
      <HSNOVRDNCLASSIFICATION/>
      <STRDGSTFINALNATUREOFENTRY/>
      <STRDGSTDUTYHEAD/>
      <VATGOODSNATURE/>
      <GSTDEPGSTCLASSIFICATION/>
      <GSTDEPHSNCLASSIFICATION/>
      <POSPAYMENTTYPE/>
      <GSTPARTYLEDGER/>
      <ORIGPURCHPARTY/>
      <ORIGPURCHPARTYADDRESS/>
      <ORIGPURCHINVNO/>
      <ORIGPURCHNOTE/>
      <ISDEEMEDPOSITIVE>Yes</ISDEEMEDPOSITIVE>
      <LEDGERFROMITEM>No</LEDGERFROMITEM>
      <REMOVEZEROENTRIES/>
      <ISPARTYLEDGER>No</ISPARTYLEDGER>
      <GSTOVERRIDDEN>No</GSTOVERRIDDEN>
      <ISGSTASSESSABLEVALUEOVERRIDDEN>No</ISGSTASSESSABLEVALUEOVERRIDDEN>
      <STRDISGSTAPPLICABLE>No</STRDISGSTAPPLICABLE>
      <STRDGSTISPARTYLEDGER>No</STRDGSTISPARTYLEDGER>
      <STRDGSTISDUTYLEDGER>No</STRDGSTISDUTYLEDGER>
      <CONTENTNEGISPOS/>
      <ISLASTDEEMEDPOSITIVE>Yes</ISLASTDEEMEDPOSITIVE>
      <ISCAPVATTAXALTERED/>
      <ISCAPVATNOTCLAIMED>No</ISCAPVATNOTCLAIMED>
      <STCRADJPERCENT>0</STCRADJPERCENT>
      <ROUNDLIMIT>0</ROUNDLIMIT>
      <RATEOFADDLVAT>0</RATEOFADDLVAT>
      <RATEOFCESSONVAT>0</RATEOFCESSONVAT>
      <VATTAXRATE>0</VATTAXRATE>
      <VATITEMQTY>0</VATITEMQTY>
      <VATWCDEDUCTRATE>0</VATWCDEDUCTRATE>
      <PREVINVTOTALNUM>0</PREVINVTOTALNUM>
      <VATWCDEDUCTIONRATE>0</VATWCDEDUCTIONRATE>
      <GSTTAXRATE>0</GSTTAXRATE>
      <ORIGINVGOODSQTY>0</ORIGINVGOODSQTY>
      <CAPVATTAXRATE>0</CAPVATTAXRATE>
      <AMOUNT>-450.00</AMOUNT>
      <CESSASSVALONCLASS/>
      <ADDNLVATCLASSAMT/>
      <EIDISCOUNTAMT/>
      <FBTEXEMPTAMOUNT/>
      <VATASSESSABLEVALUE/>
      <VATWCCOSTOFLAND/>
      <VATWCDEDLABOURCHARGES/>
      <VATWCOTHERDEDUCTIONAMT/>
      <VATWCVALUEOFTAXFREEGOODS/>
      <VATWCOTHERCHARGES/>
      <VATWCSUBCONTRACTORAMT/>
      <VATWCDEDUCTAMT/>
      <WCTOTALDEDUCTIONAMT/>
      <PREVAMOUNT/>
      <PREVINVTOTALAMT/>
      <VATWCDEDUCTIONAMOUNT/>
      <ORIGINVGOODSVALUE/>
      <CENVATCAPTINPUTAMT/>
      <GSTASSESSABLEVALUE/>
      <IGSTLIABILITY/>
      <CGSTLIABILITY/>
      <SGSTLIABILITY/>
      <GSTCESSLIABILITY/>
      <GSTOVRDNASSESSABLEVALUE/>
      <GSTASSBLVALUE/>
      <STRDCOMPUTEDASSESSABLEVALUE/>
      <STRDCOMPUTEDIGST/>
      <STRDCOMPUTEDCGST/>
      <STRDCOMPUTEDSGST/>
      <STRDCOMPUTEDCESS/>
      <STRDCOMPUTEDCESSONQTY/>
      <ORIGINVGOODSTAXVALUE/>
      <VATWCESTABLISHMENTCOST/>
      <VATWCCONTRACTORPROFIT/>
      <VATWCPLANNINGDESIGNFEES/>
      <VATWCMACHINERYTOOLSCHARGES/>
      <VATWCCONSUMABLESCOST/>
      <VATEXPAMOUNT>-450.00</VATEXPAMOUNT>
      <VATASSBLVALUE/>
      <VATACCEPTEDTAXAMT/>
      <VATACCEPTEDADDLTAXAMT/>
      <CASHRECEIVED/>
      <CAPVATASSEABLEVALUE/>
      <CAPVATTAXVALUE/>
      <ORIGPURCHVALUE/>
      <SUPPLYMARGVAL/>
      <STRDAPPRSTATECESSGST/>
      <STRDAPPROPRIATEDDISCOUNT/>
      <STRDEXCISETAX/>
      <SERVICETAXDETAILS.LIST>      </SERVICETAXDETAILS.LIST>
      <BANKALLOCATIONS.LIST>      </BANKALLOCATIONS.LIST>
      <BILLALLOCATIONS.LIST>      </BILLALLOCATIONS.LIST>
      <INTERESTCOLLECTION.LIST>      </INTERESTCOLLECTION.LIST>
      <OLDAUDITENTRIES.LIST>      </OLDAUDITENTRIES.LIST>
      <ACCOUNTAUDITENTRIES.LIST>      </ACCOUNTAUDITENTRIES.LIST>
      <AUDITENTRIES.LIST>      </AUDITENTRIES.LIST>
      <INPUTCRALLOCS.LIST>      </INPUTCRALLOCS.LIST>
      <DUTYHEADDETAILS.LIST>      </DUTYHEADDETAILS.LIST>
      <EXCISEDUTYHEADDETAILS.LIST>      </EXCISEDUTYHEADDETAILS.LIST>
      <RATEDETAILS.LIST>      </RATEDETAILS.LIST>
      <SUMMARYALLOCS.LIST>      </SUMMARYALLOCS.LIST>
      <CENVATDUTYALLOCATIONS.LIST>      </CENVATDUTYALLOCATIONS.LIST>
      <STPYMTDETAILS.LIST>      </STPYMTDETAILS.LIST>
      <EXCISEPAYMENTALLOCATIONS.LIST>      </EXCISEPAYMENTALLOCATIONS.LIST>
      <TAXBILLALLOCATIONS.LIST>      </TAXBILLALLOCATIONS.LIST>
      <TAXOBJECTALLOCATIONS.LIST>      </TAXOBJECTALLOCATIONS.LIST>
      <TDSEXPENSEALLOCATIONS.LIST>      </TDSEXPENSEALLOCATIONS.LIST>
      <VATSTATUTORYDETAILS.LIST>      </VATSTATUTORYDETAILS.LIST>
      <COSTTRACKALLOCATIONS.LIST>      </COSTTRACKALLOCATIONS.LIST>
      <REFVOUCHERDETAILS.LIST>      </REFVOUCHERDETAILS.LIST>
      <INVOICEWISEDETAILS.LIST>      </INVOICEWISEDETAILS.LIST>
      <VATITCDETAILS.LIST>      </VATITCDETAILS.LIST>
      <ADVANCETAXDETAILS.LIST>      </ADVANCETAXDETAILS.LIST>
      <TAXTYPEALLOCATIONS.LIST>      </TAXTYPEALLOCATIONS.LIST>
     </ALLLEDGERENTRIES.LIST>
     <ALLLEDGERENTRIES.LIST>
      <OLDAUDITENTRYIDS.LIST TYPE="Number">
       <OLDAUDITENTRYIDS>-1</OLDAUDITENTRYIDS>
      </OLDAUDITENTRYIDS.LIST>
      <RATEOFINVOICETAX.LIST TYPE="Number">
       <RATEOFINVOICETAX> 9</RATEOFINVOICETAX>
      </RATEOFINVOICETAX.LIST>
      <ORIGPURCHINVDATE/>
      <NARRATION/>
      <ADDLALLOCTYPE/>
      <TAXCLASSIFICATIONNAME/>
      <APPROPRIATEFOR/>
      <GSTDUTYHEAD/>
      <GSTAPPROPRIATETO/>
      <NOTIFICATIONSLNO/>
      <EXCISEALLOCTYPE/>
      <SWIFTCODE/>
      <ROUNDTYPE>&#4; Not Applicable</ROUNDTYPE>
      <LEDGERNAME>SGST 9%</LEDGERNAME>
      <TAXUNITNAME/>
      <STATNATURENAME/>
      <GOODSTYPE/>
      <VATTRADENAME/>
      <METHODTYPE/>
      <CLASSRATE/>
      <STATCLASSIFICATIONNAME/>
      <EXCISECLASSIFICATIONNAME/>
      <ISZRBASICSERVICE/>
      <VATCOMMODITYNAME/>
      <SCHEDULE/>
      <SCHEDULESERIALNUMBER/>
      <VATCOMMODITYCODE/>
      <VATSUBCOMMODITYCODE/>
      <VATMAJORCOMMODITYNAME/>
      <STRDGSTDERIVEDLOCATIONTYPE/>
      <STRDGSTDERIVEDTAXABILITY/>
      <STRDGSTDERIVEDNATURETYPE/>
      <STRDGSTDERIVEDSUPPLYTYPE/>
      <TDSPARTYNAME/>
      <VATPARTYORGNAME/>
      <XBRLADJTYPE/>
      <VOUCHERFBTCATEGORY/>
      <TYPEOFTAXPAYMENT/>
      <VATCALCULATIONTYPE/>
      <VATWORKSCONTRACTTYPE/>
      <VATWCDESCRIPTION/>
      <GSTCLASS>&#4; Not Applicable</GSTCLASS>
      <SCHVIADJTYPE/>
      <GSTOVRDNCLASSIFICATION/>
      <GSTOVRDNNATURE/>
      <GSTOVRDNINELIGIBLEITC/>
      <GSTOVRDNISREVCHARGEAPPL/>
      <GSTOVRDNTAXABILITY/>
      <GSTHSNSACCODE/>
      <GSTSOURCETYPE/>
      <GSTITEMSOURCE/>
      <GSTLEDGERSOURCE/>
      <GSTGROUPSOURCE/>
      <GSTSTOCKGROUPSOURCE/>
      <HSNSOURCETYPE/>
      <HSNITEMSOURCE/>
      <HSNLEDGERSOURCE/>
      <HSNGROUPSOURCE/>
      <HSNSTOCKGROUPSOURCE/>
      <GSTOVRDNSTOREDNATURE/>
      <GSTOVRDNTYPEOFSUPPLY/>
      <GSTRATEINFERAPPLICABILITY/>
      <GSTOVRDNNATUREOFGOODS/>
      <GSTHSNNAME/>
      <GSTHSNDESCRIPTION/>
      <GSTHSNINFERAPPLICABILITY/>
      <HSNOVRDNCLASSIFICATION/>
      <STRDGSTFINALNATUREOFENTRY/>
      <STRDGSTDUTYHEAD/>
      <VATGOODSNATURE/>
      <GSTDEPGSTCLASSIFICATION/>
      <GSTDEPHSNCLASSIFICATION/>
      <POSPAYMENTTYPE/>
      <GSTPARTYLEDGER/>
      <ORIGPURCHPARTY/>
      <ORIGPURCHPARTYADDRESS/>
      <ORIGPURCHINVNO/>
      <ORIGPURCHNOTE/>
      <ISDEEMEDPOSITIVE>Yes</ISDEEMEDPOSITIVE>
      <LEDGERFROMITEM>No</LEDGERFROMITEM>
      <REMOVEZEROENTRIES/>
      <ISPARTYLEDGER>No</ISPARTYLEDGER>
      <GSTOVERRIDDEN>No</GSTOVERRIDDEN>
      <ISGSTASSESSABLEVALUEOVERRIDDEN>No</ISGSTASSESSABLEVALUEOVERRIDDEN>
      <STRDISGSTAPPLICABLE>No</STRDISGSTAPPLICABLE>
      <STRDGSTISPARTYLEDGER>No</STRDGSTISPARTYLEDGER>
      <STRDGSTISDUTYLEDGER>No</STRDGSTISDUTYLEDGER>
      <CONTENTNEGISPOS/>
      <ISLASTDEEMEDPOSITIVE>Yes</ISLASTDEEMEDPOSITIVE>
      <ISCAPVATTAXALTERED/>
      <ISCAPVATNOTCLAIMED>No</ISCAPVATNOTCLAIMED>
      <STCRADJPERCENT>0</STCRADJPERCENT>
      <ROUNDLIMIT>0</ROUNDLIMIT>
      <RATEOFADDLVAT>0</RATEOFADDLVAT>
      <RATEOFCESSONVAT>0</RATEOFCESSONVAT>
      <VATTAXRATE>0</VATTAXRATE>
      <VATITEMQTY>0</VATITEMQTY>
      <VATWCDEDUCTRATE>0</VATWCDEDUCTRATE>
      <PREVINVTOTALNUM>0</PREVINVTOTALNUM>
      <VATWCDEDUCTIONRATE>0</VATWCDEDUCTIONRATE>
      <GSTTAXRATE>0</GSTTAXRATE>
      <ORIGINVGOODSQTY>0</ORIGINVGOODSQTY>
      <CAPVATTAXRATE>0</CAPVATTAXRATE>
      <AMOUNT>-450.00</AMOUNT>
      <CESSASSVALONCLASS/>
      <ADDNLVATCLASSAMT/>
      <EIDISCOUNTAMT/>
      <FBTEXEMPTAMOUNT/>
      <VATASSESSABLEVALUE/>
      <VATWCCOSTOFLAND/>
      <VATWCDEDLABOURCHARGES/>
      <VATWCOTHERDEDUCTIONAMT/>
      <VATWCVALUEOFTAXFREEGOODS/>
      <VATWCOTHERCHARGES/>
      <VATWCSUBCONTRACTORAMT/>
      <VATWCDEDUCTAMT/>
      <WCTOTALDEDUCTIONAMT/>
      <PREVAMOUNT/>
      <PREVINVTOTALAMT/>
      <VATWCDEDUCTIONAMOUNT/>
      <ORIGINVGOODSVALUE/>
      <CENVATCAPTINPUTAMT/>
      <GSTASSESSABLEVALUE/>
      <IGSTLIABILITY/>
      <CGSTLIABILITY/>
      <SGSTLIABILITY/>
      <GSTCESSLIABILITY/>
      <GSTOVRDNASSESSABLEVALUE/>
      <GSTASSBLVALUE/>
      <STRDCOMPUTEDASSESSABLEVALUE/>
      <STRDCOMPUTEDIGST/>
      <STRDCOMPUTEDCGST/>
      <STRDCOMPUTEDSGST/>
      <STRDCOMPUTEDCESS/>
      <STRDCOMPUTEDCESSONQTY/>
      <ORIGINVGOODSTAXVALUE/>
      <VATWCESTABLISHMENTCOST/>
      <VATWCCONTRACTORPROFIT/>
      <VATWCPLANNINGDESIGNFEES/>
      <VATWCMACHINERYTOOLSCHARGES/>
      <VATWCCONSUMABLESCOST/>
      <VATEXPAMOUNT>-450.00</VATEXPAMOUNT>
      <VATASSBLVALUE/>
      <VATACCEPTEDTAXAMT/>
      <VATACCEPTEDADDLTAXAMT/>
      <CASHRECEIVED/>
      <CAPVATASSEABLEVALUE/>
      <CAPVATTAXVALUE/>
      <ORIGPURCHVALUE/>
      <SUPPLYMARGVAL/>
      <STRDAPPRSTATECESSGST/>
      <STRDAPPROPRIATEDDISCOUNT/>
      <STRDEXCISETAX/>
      <SERVICETAXDETAILS.LIST>      </SERVICETAXDETAILS.LIST>
      <BANKALLOCATIONS.LIST>      </BANKALLOCATIONS.LIST>
      <BILLALLOCATIONS.LIST>      </BILLALLOCATIONS.LIST>
      <INTERESTCOLLECTION.LIST>      </INTERESTCOLLECTION.LIST>
      <OLDAUDITENTRIES.LIST>      </OLDAUDITENTRIES.LIST>
      <ACCOUNTAUDITENTRIES.LIST>      </ACCOUNTAUDITENTRIES.LIST>
      <AUDITENTRIES.LIST>      </AUDITENTRIES.LIST>
      <INPUTCRALLOCS.LIST>      </INPUTCRALLOCS.LIST>
      <DUTYHEADDETAILS.LIST>      </DUTYHEADDETAILS.LIST>
      <EXCISEDUTYHEADDETAILS.LIST>      </EXCISEDUTYHEADDETAILS.LIST>
      <RATEDETAILS.LIST>      </RATEDETAILS.LIST>
      <SUMMARYALLOCS.LIST>      </SUMMARYALLOCS.LIST>
      <CENVATDUTYALLOCATIONS.LIST>      </CENVATDUTYALLOCATIONS.LIST>
      <STPYMTDETAILS.LIST>      </STPYMTDETAILS.LIST>
      <EXCISEPAYMENTALLOCATIONS.LIST>      </EXCISEPAYMENTALLOCATIONS.LIST>
      <TAXBILLALLOCATIONS.LIST>      </TAXBILLALLOCATIONS.LIST>
      <TAXOBJECTALLOCATIONS.LIST>      </TAXOBJECTALLOCATIONS.LIST>
      <TDSEXPENSEALLOCATIONS.LIST>      </TDSEXPENSEALLOCATIONS.LIST>
      <VATSTATUTORYDETAILS.LIST>      </VATSTATUTORYDETAILS.LIST>
      <COSTTRACKALLOCATIONS.LIST>      </COSTTRACKALLOCATIONS.LIST>
      <REFVOUCHERDETAILS.LIST>      </REFVOUCHERDETAILS.LIST>
      <INVOICEWISEDETAILS.LIST>      </INVOICEWISEDETAILS.LIST>
      <VATITCDETAILS.LIST>      </VATITCDETAILS.LIST>
      <ADVANCETAXDETAILS.LIST>      </ADVANCETAXDETAILS.LIST>
      <TAXTYPEALLOCATIONS.LIST>      </TAXTYPEALLOCATIONS.LIST>
     </ALLLEDGERENTRIES.LIST>
    </VOUCHER>
    <VOUCHER REMOTEID="755da616-c913-46c0-9ad0-de5499d071a0-00000001" VCHKEY="755da616-c913-46c0-9ad0-de5499d071a0-0000b43e:00000008" VCHTYPE="Sales" OBJVIEW="Invoice Voucher View">
     <BASICBUYERADDRESS.LIST TYPE="String">
      <BASICBUYERADDRESS>himpachal baddi 123291</BASICBUYERADDRESS>
     </BASICBUYERADDRESS.LIST>
     <DATE TYPE="Date">20260501</DATE>
     <REFERENCEDATE TYPE="Date"></REFERENCEDATE>
     <GUID>755da616-c913-46c0-9ad0-de5499d071a0-00000001</GUID>
     <GSTREGISTRATIONTYPE TYPE="String">Unregistered/Consumer</GSTREGISTRATIONTYPE>
     <NARRATION TYPE="String"></NARRATION>
     <REQUESTORRULE/>
     <PARTYGSTIN TYPE="String"></PARTYGSTIN>
     <PLACEOFSUPPLY TYPE="String">Himachal Pradesh</PLACEOFSUPPLY>
     <VOUCHERTYPENAME>Sales</VOUCHERTYPENAME>
     <PARTYLEDGERNAME TYPE="String">Rahul Trading</PARTYLEDGERNAME>
     <VOUCHERNUMBER>1</VOUCHERNUMBER>
     <BASICBUYERNAME TYPE="String">Rahul Trading</BASICBUYERNAME>
     <REFERENCE TYPE="String"></REFERENCE>
     <SERIALMASTER TYPE="String"></SERIALMASTER>
     <ARESERIALMASTER TYPE="String"></ARESERIALMASTER>
     <NUMBERINGSTYLE>Auto Retain</NUMBERINGSTYLE>
     <PERSISTEDVIEW>Invoice Voucher View</PERSISTEDVIEW>
     <ISDELETED>No</ISDELETED>
     <ASORIGINAL>No</ASORIGINAL>
     <ISDEEMEDPOSITIVE TYPE="Logical">Yes</ISDEEMEDPOSITIVE>
     <ISOPTIONAL TYPE="Logical">No</ISOPTIONAL>
     <EFFECTIVEDATE TYPE="Date">20260501</EFFECTIVEDATE>
     <ISCANCELLED TYPE="Logical">No</ISCANCELLED>
     <ISINVOICE>Yes</ISINVOICE>
     <ASPAYSLIP>No</ASPAYSLIP>
     <ISDELETEDVCHRETAINED>No</ISDELETEDVCHRETAINED>
     <ISNEGISPOSSET TYPE="Logical">Yes</ISNEGISPOSSET>
     <ALTERID TYPE="Number"> 49</ALTERID>
     <MASTERID TYPE="Number"> 1</MASTERID>
     <VOUCHERKEY TYPE="Number">198178380972040</VOUCHERKEY>
     <VOUCHERRETAINKEY TYPE="Number">1</VOUCHERRETAINKEY>
     <REUSEHOLEID TYPE="Number">0</REUSEHOLEID>
     <VOUCHERNUMBERSERIES TYPE="String">Default</VOUCHERNUMBERSERIES>
     <ALLINVENTORYENTRIES.LIST>
      <ORIGINVOICEDATE/>
      <ORIGSALESINVDATE/>
      <DESCRIPTION/>
      <STOCKITEMNAME>3/4 CPVC Pipe</STOCKITEMNAME>
      <STATNATURENAME/>
      <EXCISECLASSIFICATIONNAME/>
      <ISZRBASICSERVICE/>
      <STRDGSTDERIVEDLOCATIONTYPE/>
      <STRDGSTDERIVEDTAXABILITY/>
      <STRDGSTDERIVEDNATURETYPE/>
      <STRDGSTDERIVEDSUPPLYTYPE/>
      <GSTOVRDNCLASSIFICATION/>
      <GSTOVRDNNATURE/>
      <GSTOVRDNINELIGIBLEITC/>
      <GSTOVRDNISREVCHARGEAPPL>&#4; Not Applicable</GSTOVRDNISREVCHARGEAPPL>
      <GSTOVRDNTAXABILITY>Taxable</GSTOVRDNTAXABILITY>
      <GSTSOURCETYPE>Stock Item</GSTSOURCETYPE>
      <GSTITEMSOURCE>3/4 CPVC Pipe</GSTITEMSOURCE>
      <GSTLEDGERSOURCE/>
      <GSTGROUPSOURCE/>
      <GSTSTOCKGROUPSOURCE/>
      <HSNSOURCETYPE>Stock Item</HSNSOURCETYPE>
      <HSNITEMSOURCE>3/4 CPVC Pipe</HSNITEMSOURCE>
      <HSNLEDGERSOURCE/>
      <HSNGROUPSOURCE/>
      <HSNSTOCKGROUPSOURCE/>
      <GSTOVRDNSTOREDNATURE>&#4; System Inferred</GSTOVRDNSTOREDNATURE>
      <GSTOVRDNTYPEOFSUPPLY>Goods</GSTOVRDNTYPEOFSUPPLY>
      <GSTRATEINFERAPPLICABILITY>As per Masters/Company</GSTRATEINFERAPPLICABILITY>
      <GSTOVRDNNATUREOFGOODS/>
      <GSTHSNNAME>3918</GSTHSNNAME>
      <GSTHSNDESCRIPTION/>
      <GSTHSNINFERAPPLICABILITY>As per Masters/Company</GSTHSNINFERAPPLICABILITY>
      <HSNOVRDNCLASSIFICATION/>
      <STRDGSTFINALNATUREOFENTRY/>
      <GSTDEPGSTCLASSIFICATION/>
      <GSTDEPHSNCLASSIFICATION/>
      <EXCISETARIFF/>
      <EXCISEEXEMPTION/>
      <TRADERCNSALESNUMBER/>
      <BASICPACKAGEMARKS/>
      <BASICNUMPACKAGES/>
      <SDTAXCLASSIFICATIONNAME/>
      <NATUREOFCOMPONENT/>
      <COMPONENTLISTTYPE/>
      <DISPLAYNATUREOFCOMPONENT/>
      <BOMNAME/>
      <ORIGINVOICENUMBER/>
      <ORIGINVOICEBOOKNAME/>
      <ORIGSALESINVNO/>
      <EXCISERETURNINVOICENO/>
      <REASONOFREJECTION/>
      <EXCISECREDITPARTY/>
      <EXCISECREDITSTKITEM/>
      <EXCISECREDITCATEGORY/>
      <TRADERSUPPLIERINVOICENO/>
      <EXCISESALESINVOICENO/>
      <GSTITEMUQC/>
      <GSTITEMUQCUOM/>
      <ADDLAMOUNT/>
      <ISDEEMEDPOSITIVE>No</ISDEEMEDPOSITIVE>
      <ISGSTASSESSABLEVALUEOVERRIDDEN/>
      <STRDISGSTAPPLICABLE/>
      <CONTENTNEGISPOS/>
      <ISLASTDEEMEDPOSITIVE>No</ISLASTDEEMEDPOSITIVE>
      <ISAUTONEGATE>No</ISAUTONEGATE>
      <ISCUSTOMSCLEARANCE/>
      <ISTRACKCOMPONENT/>
      <ISTRACKPRODUCTION/>
      <ISPRIMARYITEM/>
      <ISSCRAP>No</ISSCRAP>
      <RATE>150.00/LTH</RATE>
      <DISCOUNT>0</DISCOUNT>
      <VATTAXRATE>0</VATTAXRATE>
      <ORIGINVGOODSQTY>0</ORIGINVGOODSQTY>
      <EXCISEMRPABATEMENT>0</EXCISEMRPABATEMENT>
      <ADDLCOSTPERC>0</ADDLCOSTPERC>
      <REVISEDRATEOFDUTY>0</REVISEDRATEOFDUTY>
      <ORIGRATEOFDUTY>0</ORIGRATEOFDUTY>
      <ORIGMRPABATEMENT>0</ORIGMRPABATEMENT>
      <EXCISERETURNDUTYRATE>0</EXCISERETURNDUTYRATE>
      <GVATEXCISERATE>0</GVATEXCISERATE>
      <AMOUNT>2250.00</AMOUNT>
      <EXCISEASSESSABLEVALUE/>
      <CESSASSVALONCLASS/>
      <EIDISCOUNTAMT/>
      <VATASSESSABLEVALUE/>
      <VATWCDEDUCTAMT/>
      <WCTOTALDEDUCTIONAMT/>
      <ORIGINVGOODSVALUE/>
      <GSTOVRDNASSESSABLEVALUE/>
      <GSTASSBLVALUE/>
      <STRDCOMPUTEDASSESSABLEVALUE/>
      <STRDCOMPUTEDIGST/>
      <STRDCOMPUTEDCGST/>
      <STRDCOMPUTEDSGST/>
      <STRDCOMPUTEDCESS/>
      <STRDCOMPUTEDCESSONQTY/>
      <ORIGINVGOODSTAXVALUE/>
      <VATASSBLVALUE/>
      <VATACCEPTEDTAXAMT/>
      <VATACCEPTEDADDLTAXAMT/>
      <STRDAPPRSTATECESSGST/>
      <STRDAPPROPRIATEDDISCOUNT/>
      <STRDEXCISETAX/>
      <VATINPUTTAXCREDIT/>
      <VATELIGIBLECREDIT/>
      <GVATEXCISEAMT/>
      <ACTUALQTY> 15 LTH</ACTUALQTY>
      <BILLEDQTY> 15 LTH</BILLEDQTY>
      <ORIGACTUALQTY/>
      <ORIGBILLEDQTY/>
      <EXCISERETURNINVOICEQTY/>
      <USABLEQTY/>
      <EXCISECREDITPENDINGQTY/>
      <MRPRATE/>
      <EXCISEMRPRATE/>
      <ORIGRATE/>
      <REVISEDRATE/>
      <ESCALATIONRATE/>
      <ORIGMRPRATE/>
      <ORIGRATEOFQTY/>
      <REVISEDRATEOFQTY/>
      <INCLVATRATE/>
      <BATCHALLOCATIONS.LIST>
       <MFDON/>
       <ORDERYEAREND/>
       <TRACKINGYEAREND/>
       <ORDERPRECLOSUREDATE/>
       <NARRATION/>
       <GODOWNNAME>Main Location</GODOWNNAME>
       <BATCHNAME>Primary Batch</BATCHNAME>
       <DESTINATIONGODOWNNAME>Main Location</DESTINATIONGODOWNNAME>
       <INDENTNO>&#4; Not Applicable</INDENTNO>
       <ORDERTYPE/>
       <PARENTITEM/>
       <ORDERCLOSUREREASON/>
       <ORDERNO>&#4; Not Applicable</ORDERNO>
       <TRACKINGNUMBER>&#4; Not Applicable</TRACKINGNUMBER>
       <DYNAMICCSTNO/>
       <DYNAMICCSTPARENTITEM/>
       <SUMDYNAMICCSTNO/>
       <SUMBATCHNAME/>
       <SUMTRACKINGNUMBER/>
       <SUMORDERNO/>
       <SUMINDENTNO/>
       <ADDLAMOUNT/>
       <DYNAMICCSTISCLEARED>No</DYNAMICCSTISCLEARED>
       <BATCHID TYPE="Number"> 1</BATCHID>
       <BATCHDISCOUNT TYPE="Number">0</BATCHDISCOUNT>
       <AMOUNT>2250.00</AMOUNT>
       <ADDLEXPENSEAMOUNT/>
       <BATCHDIFFVAL/>
       <ACTUALQTY> 15 LTH</ACTUALQTY>
       <BILLEDQTY> 15 LTH</BILLEDQTY>
       <ORDERPRECLOSUREQTY/>
       <ORIGACTUALQTY/>
       <ORIGBILLEDQTY/>
       <BATCHPHYSDIFF/>
       <ORIGRATE/>
       <REVISEDRATE/>
       <ESCALATIONRATE/>
       <INCLVATRATE/>
       <BATCHRATE TYPE="Rate">150.00/LTH</BATCHRATE>
       <EXPIRYPERIOD/>
       <INDENTDUEDATE/>
       <ORDERDUEDATE/>
       <ADDITIONALDETAILS.LIST>       </ADDITIONALDETAILS.LIST>
       <VOUCHERCOMPONENTLIST.LIST>       </VOUCHERCOMPONENTLIST.LIST>
      </BATCHALLOCATIONS.LIST>
      <ACCOUNTINGALLOCATIONS.LIST>
       <OLDAUDITENTRYIDS.LIST TYPE="Number">
        <OLDAUDITENTRYIDS>-1</OLDAUDITENTRYIDS>
       </OLDAUDITENTRYIDS.LIST>
       <ORIGPURCHINVDATE/>
       <NARRATION/>
       <ADDLALLOCTYPE/>
       <TAXCLASSIFICATIONNAME/>
       <APPROPRIATEFOR/>
       <GSTDUTYHEAD/>
       <GSTAPPROPRIATETO/>
       <NOTIFICATIONSLNO/>
       <EXCISEALLOCTYPE/>
       <SWIFTCODE/>
       <ROUNDTYPE/>
       <LEDGERNAME>IGST Sale 18%</LEDGERNAME>
       <TAXUNITNAME/>
       <STATNATURENAME/>
       <GOODSTYPE/>
       <VATTRADENAME/>
       <METHODTYPE/>
       <CLASSRATE/>
       <STATCLASSIFICATIONNAME/>
       <EXCISECLASSIFICATIONNAME/>
       <ISZRBASICSERVICE/>
       <VATCOMMODITYNAME/>
       <SCHEDULE/>
       <SCHEDULESERIALNUMBER/>
       <VATCOMMODITYCODE/>
       <VATSUBCOMMODITYCODE/>
       <VATMAJORCOMMODITYNAME/>
       <STRDGSTDERIVEDLOCATIONTYPE/>
       <STRDGSTDERIVEDTAXABILITY/>
       <STRDGSTDERIVEDNATURETYPE/>
       <STRDGSTDERIVEDSUPPLYTYPE/>
       <TDSPARTYNAME/>
       <VATPARTYORGNAME/>
       <XBRLADJTYPE/>
       <VOUCHERFBTCATEGORY/>
       <TYPEOFTAXPAYMENT/>
       <VATCALCULATIONTYPE/>
       <VATWORKSCONTRACTTYPE/>
       <VATWCDESCRIPTION/>
       <GSTCLASS>&#4; Not Applicable</GSTCLASS>
       <SCHVIADJTYPE/>
       <GSTOVRDNCLASSIFICATION/>
       <GSTOVRDNNATURE/>
       <GSTOVRDNINELIGIBLEITC/>
       <GSTOVRDNISREVCHARGEAPPL/>
       <GSTOVRDNTAXABILITY/>
       <GSTHSNSACCODE/>
       <GSTSOURCETYPE/>
       <GSTITEMSOURCE/>
       <GSTLEDGERSOURCE/>
       <GSTGROUPSOURCE/>
       <GSTSTOCKGROUPSOURCE/>
       <HSNSOURCETYPE/>
       <HSNITEMSOURCE/>
       <HSNLEDGERSOURCE/>
       <HSNGROUPSOURCE/>
       <HSNSTOCKGROUPSOURCE/>
       <GSTOVRDNSTOREDNATURE/>
       <GSTOVRDNTYPEOFSUPPLY/>
       <GSTRATEINFERAPPLICABILITY/>
       <GSTOVRDNNATUREOFGOODS/>
       <GSTHSNNAME/>
       <GSTHSNDESCRIPTION/>
       <GSTHSNINFERAPPLICABILITY/>
       <HSNOVRDNCLASSIFICATION/>
       <STRDGSTFINALNATUREOFENTRY/>
       <STRDGSTDUTYHEAD/>
       <VATGOODSNATURE/>
       <GSTDEPGSTCLASSIFICATION/>
       <GSTDEPHSNCLASSIFICATION/>
       <POSPAYMENTTYPE/>
       <GSTPARTYLEDGER/>
       <ORIGPURCHPARTY/>
       <ORIGPURCHPARTYADDRESS/>
       <ORIGPURCHINVNO/>
       <ORIGPURCHNOTE/>
       <ISDEEMEDPOSITIVE>No</ISDEEMEDPOSITIVE>
       <LEDGERFROMITEM>No</LEDGERFROMITEM>
       <REMOVEZEROENTRIES/>
       <ISPARTYLEDGER>No</ISPARTYLEDGER>
       <GSTOVERRIDDEN>No</GSTOVERRIDDEN>
       <ISGSTASSESSABLEVALUEOVERRIDDEN>No</ISGSTASSESSABLEVALUEOVERRIDDEN>
       <STRDISGSTAPPLICABLE>No</STRDISGSTAPPLICABLE>
       <STRDGSTISPARTYLEDGER>No</STRDGSTISPARTYLEDGER>
       <STRDGSTISDUTYLEDGER>No</STRDGSTISDUTYLEDGER>
       <CONTENTNEGISPOS/>
       <ISLASTDEEMEDPOSITIVE>No</ISLASTDEEMEDPOSITIVE>
       <ISCAPVATTAXALTERED/>
       <ISCAPVATNOTCLAIMED>No</ISCAPVATNOTCLAIMED>
       <STCRADJPERCENT>0</STCRADJPERCENT>
       <ROUNDLIMIT>0</ROUNDLIMIT>
       <RATEOFADDLVAT>0</RATEOFADDLVAT>
       <RATEOFCESSONVAT>0</RATEOFCESSONVAT>
       <VATTAXRATE>0</VATTAXRATE>
       <VATITEMQTY>0</VATITEMQTY>
       <VATWCDEDUCTRATE>0</VATWCDEDUCTRATE>
       <PREVINVTOTALNUM>0</PREVINVTOTALNUM>
       <VATWCDEDUCTIONRATE>0</VATWCDEDUCTIONRATE>
       <GSTTAXRATE>0</GSTTAXRATE>
       <ORIGINVGOODSQTY>0</ORIGINVGOODSQTY>
       <CAPVATTAXRATE>0</CAPVATTAXRATE>
       <AMOUNT>2250.00</AMOUNT>
       <CESSASSVALONCLASS/>
       <ADDNLVATCLASSAMT/>
       <EIDISCOUNTAMT/>
       <FBTEXEMPTAMOUNT/>
       <VATASSESSABLEVALUE/>
       <VATWCCOSTOFLAND/>
       <VATWCDEDLABOURCHARGES/>
       <VATWCOTHERDEDUCTIONAMT/>
       <VATWCVALUEOFTAXFREEGOODS/>
       <VATWCOTHERCHARGES/>
       <VATWCSUBCONTRACTORAMT/>
       <VATWCDEDUCTAMT/>
       <WCTOTALDEDUCTIONAMT/>
       <PREVAMOUNT/>
       <PREVINVTOTALAMT/>
       <VATWCDEDUCTIONAMOUNT/>
       <ORIGINVGOODSVALUE/>
       <CENVATCAPTINPUTAMT/>
       <GSTASSESSABLEVALUE/>
       <IGSTLIABILITY/>
       <CGSTLIABILITY/>
       <SGSTLIABILITY/>
       <GSTCESSLIABILITY/>
       <GSTOVRDNASSESSABLEVALUE/>
       <GSTASSBLVALUE/>
       <STRDCOMPUTEDASSESSABLEVALUE/>
       <STRDCOMPUTEDIGST/>
       <STRDCOMPUTEDCGST/>
       <STRDCOMPUTEDSGST/>
       <STRDCOMPUTEDCESS/>
       <STRDCOMPUTEDCESSONQTY/>
       <ORIGINVGOODSTAXVALUE/>
       <VATWCESTABLISHMENTCOST/>
       <VATWCCONTRACTORPROFIT/>
       <VATWCPLANNINGDESIGNFEES/>
       <VATWCMACHINERYTOOLSCHARGES/>
       <VATWCCONSUMABLESCOST/>
       <VATEXPAMOUNT/>
       <VATASSBLVALUE/>
       <VATACCEPTEDTAXAMT/>
       <VATACCEPTEDADDLTAXAMT/>
       <CASHRECEIVED/>
       <CAPVATASSEABLEVALUE/>
       <CAPVATTAXVALUE/>
       <ORIGPURCHVALUE/>
       <SUPPLYMARGVAL/>
       <STRDAPPRSTATECESSGST/>
       <STRDAPPROPRIATEDDISCOUNT/>
       <STRDEXCISETAX/>
       <SERVICETAXDETAILS.LIST>       </SERVICETAXDETAILS.LIST>
       <BANKALLOCATIONS.LIST>       </BANKALLOCATIONS.LIST>
       <BILLALLOCATIONS.LIST>       </BILLALLOCATIONS.LIST>
       <INTERESTCOLLECTION.LIST>       </INTERESTCOLLECTION.LIST>
       <OLDAUDITENTRIES.LIST>       </OLDAUDITENTRIES.LIST>
       <ACCOUNTAUDITENTRIES.LIST>       </ACCOUNTAUDITENTRIES.LIST>
       <AUDITENTRIES.LIST>       </AUDITENTRIES.LIST>
       <INPUTCRALLOCS.LIST>       </INPUTCRALLOCS.LIST>
       <DUTYHEADDETAILS.LIST>       </DUTYHEADDETAILS.LIST>
       <EXCISEDUTYHEADDETAILS.LIST>       </EXCISEDUTYHEADDETAILS.LIST>
       <RATEDETAILS.LIST>       </RATEDETAILS.LIST>
       <SUMMARYALLOCS.LIST>       </SUMMARYALLOCS.LIST>
       <CENVATDUTYALLOCATIONS.LIST>       </CENVATDUTYALLOCATIONS.LIST>
       <STPYMTDETAILS.LIST>       </STPYMTDETAILS.LIST>
       <EXCISEPAYMENTALLOCATIONS.LIST>       </EXCISEPAYMENTALLOCATIONS.LIST>
       <TAXBILLALLOCATIONS.LIST>       </TAXBILLALLOCATIONS.LIST>
       <TAXOBJECTALLOCATIONS.LIST>       </TAXOBJECTALLOCATIONS.LIST>
       <TDSEXPENSEALLOCATIONS.LIST>       </TDSEXPENSEALLOCATIONS.LIST>
       <VATSTATUTORYDETAILS.LIST>       </VATSTATUTORYDETAILS.LIST>
       <COSTTRACKALLOCATIONS.LIST>       </COSTTRACKALLOCATIONS.LIST>
       <REFVOUCHERDETAILS.LIST>       </REFVOUCHERDETAILS.LIST>
       <INVOICEWISEDETAILS.LIST>       </INVOICEWISEDETAILS.LIST>
       <VATITCDETAILS.LIST>       </VATITCDETAILS.LIST>
       <ADVANCETAXDETAILS.LIST>       </ADVANCETAXDETAILS.LIST>
       <TAXTYPEALLOCATIONS.LIST>       </TAXTYPEALLOCATIONS.LIST>
      </ACCOUNTINGALLOCATIONS.LIST>
      <DUTYHEADDETAILS.LIST>      </DUTYHEADDETAILS.LIST>
      <RATEDETAILS.LIST>
       <GSTRATEDUTYHEAD>CGST</GSTRATEDUTYHEAD>
       <GSTRATEVALUATIONTYPE>Based on Value</GSTRATEVALUATIONTYPE>
       <GSTRATE> 9</GSTRATE>
       <GSTRATEPERUNIT>0</GSTRATEPERUNIT>
      </RATEDETAILS.LIST>
      <RATEDETAILS.LIST>
       <GSTRATEDUTYHEAD>SGST/UTGST</GSTRATEDUTYHEAD>
       <GSTRATEVALUATIONTYPE>Based on Value</GSTRATEVALUATIONTYPE>
       <GSTRATE> 9</GSTRATE>
       <GSTRATEPERUNIT>0</GSTRATEPERUNIT>
      </RATEDETAILS.LIST>
      <RATEDETAILS.LIST>
       <GSTRATEDUTYHEAD>IGST</GSTRATEDUTYHEAD>
       <GSTRATEVALUATIONTYPE>Based on Value</GSTRATEVALUATIONTYPE>
       <GSTRATE> 18</GSTRATE>
       <GSTRATEPERUNIT>0</GSTRATEPERUNIT>
      </RATEDETAILS.LIST>
      <RATEDETAILS.LIST>
       <GSTRATEDUTYHEAD>Cess</GSTRATEDUTYHEAD>
       <GSTRATEVALUATIONTYPE>&#4; Not Applicable</GSTRATEVALUATIONTYPE>
       <GSTRATE>0</GSTRATE>
       <GSTRATEPERUNIT>0</GSTRATEPERUNIT>
      </RATEDETAILS.LIST>
      <RATEDETAILS.LIST>
       <GSTRATEDUTYHEAD>State Cess</GSTRATEDUTYHEAD>
       <GSTRATEVALUATIONTYPE>Based on Value</GSTRATEVALUATIONTYPE>
       <GSTRATE>0</GSTRATE>
       <GSTRATEPERUNIT>0</GSTRATEPERUNIT>
      </RATEDETAILS.LIST>
      <SUPPLEMENTARYDUTYHEADDETAILS.LIST>      </SUPPLEMENTARYDUTYHEADDETAILS.LIST>
      <TAXOBJECTALLOCATIONS.LIST>      </TAXOBJECTALLOCATIONS.LIST>
      <REFVOUCHERDETAILS.LIST>      </REFVOUCHERDETAILS.LIST>
      <EXCISEALLOCATIONS.LIST>      </EXCISEALLOCATIONS.LIST>
      <EXPENSEALLOCATIONS.LIST>      </EXPENSEALLOCATIONS.LIST>
     </ALLINVENTORYENTRIES.LIST>
     <LEDGERENTRIES.LIST>
      <LEDGERNAME TYPE="String">Rahul Trading</LEDGERNAME>
      <ISDEEMEDPOSITIVE TYPE="Logical">Yes</ISDEEMEDPOSITIVE>
      <ISLASTDEEMEDPOSITIVE TYPE="Logical">Yes</ISLASTDEEMEDPOSITIVE>
      <AMOUNT TYPE="Amount">-2655.00</AMOUNT>
      <BILLALLOCATIONS.LIST>
       <AMOUNT TYPE="Amount">-2655.00</AMOUNT>
      </BILLALLOCATIONS.LIST>
      <COSTTRACKALLOCATIONS.LIST>      </COSTTRACKALLOCATIONS.LIST>
     </LEDGERENTRIES.LIST>
     <LEDGERENTRIES.LIST>
      <LEDGERNAME TYPE="String">IGST 18%</LEDGERNAME>
      <ISDEEMEDPOSITIVE TYPE="Logical">No</ISDEEMEDPOSITIVE>
      <ISLASTDEEMEDPOSITIVE TYPE="Logical">No</ISLASTDEEMEDPOSITIVE>
      <AMOUNT TYPE="Amount">405.00</AMOUNT>
      <BILLALLOCATIONS.LIST>      </BILLALLOCATIONS.LIST>
      <COSTTRACKALLOCATIONS.LIST>      </COSTTRACKALLOCATIONS.LIST>
     </LEDGERENTRIES.LIST>
     <ALLLEDGERENTRIES.LIST>
      <OLDAUDITENTRYIDS.LIST TYPE="Number">
       <OLDAUDITENTRYIDS>-1</OLDAUDITENTRYIDS>
      </OLDAUDITENTRYIDS.LIST>
      <ORIGPURCHINVDATE/>
      <NARRATION/>
      <ADDLALLOCTYPE/>
      <TAXCLASSIFICATIONNAME/>
      <APPROPRIATEFOR/>
      <GSTDUTYHEAD/>
      <GSTAPPROPRIATETO/>
      <NOTIFICATIONSLNO/>
      <EXCISEALLOCTYPE/>
      <SWIFTCODE/>
      <ROUNDTYPE/>
      <LEDGERNAME>Rahul Trading</LEDGERNAME>
      <TAXUNITNAME/>
      <STATNATURENAME/>
      <GOODSTYPE/>
      <VATTRADENAME/>
      <METHODTYPE/>
      <CLASSRATE/>
      <STATCLASSIFICATIONNAME/>
      <EXCISECLASSIFICATIONNAME/>
      <ISZRBASICSERVICE/>
      <VATCOMMODITYNAME/>
      <SCHEDULE/>
      <SCHEDULESERIALNUMBER/>
      <VATCOMMODITYCODE/>
      <VATSUBCOMMODITYCODE/>
      <VATMAJORCOMMODITYNAME/>
      <STRDGSTDERIVEDLOCATIONTYPE/>
      <STRDGSTDERIVEDTAXABILITY/>
      <STRDGSTDERIVEDNATURETYPE/>
      <STRDGSTDERIVEDSUPPLYTYPE/>
      <TDSPARTYNAME/>
      <VATPARTYORGNAME/>
      <XBRLADJTYPE/>
      <VOUCHERFBTCATEGORY/>
      <TYPEOFTAXPAYMENT/>
      <VATCALCULATIONTYPE/>
      <VATWORKSCONTRACTTYPE/>
      <VATWCDESCRIPTION/>
      <GSTCLASS>&#4; Not Applicable</GSTCLASS>
      <SCHVIADJTYPE/>
      <GSTOVRDNCLASSIFICATION/>
      <GSTOVRDNNATURE/>
      <GSTOVRDNINELIGIBLEITC/>
      <GSTOVRDNISREVCHARGEAPPL/>
      <GSTOVRDNTAXABILITY/>
      <GSTHSNSACCODE/>
      <GSTSOURCETYPE/>
      <GSTITEMSOURCE/>
      <GSTLEDGERSOURCE/>
      <GSTGROUPSOURCE/>
      <GSTSTOCKGROUPSOURCE/>
      <HSNSOURCETYPE/>
      <HSNITEMSOURCE/>
      <HSNLEDGERSOURCE/>
      <HSNGROUPSOURCE/>
      <HSNSTOCKGROUPSOURCE/>
      <GSTOVRDNSTOREDNATURE/>
      <GSTOVRDNTYPEOFSUPPLY/>
      <GSTRATEINFERAPPLICABILITY/>
      <GSTOVRDNNATUREOFGOODS/>
      <GSTHSNNAME/>
      <GSTHSNDESCRIPTION/>
      <GSTHSNINFERAPPLICABILITY/>
      <HSNOVRDNCLASSIFICATION/>
      <STRDGSTFINALNATUREOFENTRY/>
      <STRDGSTDUTYHEAD/>
      <VATGOODSNATURE/>
      <GSTDEPGSTCLASSIFICATION/>
      <GSTDEPHSNCLASSIFICATION/>
      <POSPAYMENTTYPE/>
      <GSTPARTYLEDGER/>
      <ORIGPURCHPARTY/>
      <ORIGPURCHPARTYADDRESS/>
      <ORIGPURCHINVNO/>
      <ORIGPURCHNOTE/>
      <ISDEEMEDPOSITIVE>Yes</ISDEEMEDPOSITIVE>
      <LEDGERFROMITEM>No</LEDGERFROMITEM>
      <REMOVEZEROENTRIES/>
      <ISPARTYLEDGER>Yes</ISPARTYLEDGER>
      <GSTOVERRIDDEN>No</GSTOVERRIDDEN>
      <ISGSTASSESSABLEVALUEOVERRIDDEN>No</ISGSTASSESSABLEVALUEOVERRIDDEN>
      <STRDISGSTAPPLICABLE>No</STRDISGSTAPPLICABLE>
      <STRDGSTISPARTYLEDGER>No</STRDGSTISPARTYLEDGER>
      <STRDGSTISDUTYLEDGER>No</STRDGSTISDUTYLEDGER>
      <CONTENTNEGISPOS/>
      <ISLASTDEEMEDPOSITIVE>Yes</ISLASTDEEMEDPOSITIVE>
      <ISCAPVATTAXALTERED/>
      <ISCAPVATNOTCLAIMED>No</ISCAPVATNOTCLAIMED>
      <STCRADJPERCENT>0</STCRADJPERCENT>
      <ROUNDLIMIT>0</ROUNDLIMIT>
      <RATEOFADDLVAT>0</RATEOFADDLVAT>
      <RATEOFCESSONVAT>0</RATEOFCESSONVAT>
      <VATTAXRATE>0</VATTAXRATE>
      <VATITEMQTY>0</VATITEMQTY>
      <VATWCDEDUCTRATE>0</VATWCDEDUCTRATE>
      <PREVINVTOTALNUM>0</PREVINVTOTALNUM>
      <VATWCDEDUCTIONRATE>0</VATWCDEDUCTIONRATE>
      <GSTTAXRATE>0</GSTTAXRATE>
      <ORIGINVGOODSQTY>0</ORIGINVGOODSQTY>
      <CAPVATTAXRATE>0</CAPVATTAXRATE>
      <AMOUNT>-2655.00</AMOUNT>
      <CESSASSVALONCLASS/>
      <ADDNLVATCLASSAMT/>
      <EIDISCOUNTAMT/>
      <FBTEXEMPTAMOUNT/>
      <VATASSESSABLEVALUE/>
      <VATWCCOSTOFLAND/>
      <VATWCDEDLABOURCHARGES/>
      <VATWCOTHERDEDUCTIONAMT/>
      <VATWCVALUEOFTAXFREEGOODS/>
      <VATWCOTHERCHARGES/>
      <VATWCSUBCONTRACTORAMT/>
      <VATWCDEDUCTAMT/>
      <WCTOTALDEDUCTIONAMT/>
      <PREVAMOUNT/>
      <PREVINVTOTALAMT/>
      <VATWCDEDUCTIONAMOUNT/>
      <ORIGINVGOODSVALUE/>
      <CENVATCAPTINPUTAMT/>
      <GSTASSESSABLEVALUE/>
      <IGSTLIABILITY/>
      <CGSTLIABILITY/>
      <SGSTLIABILITY/>
      <GSTCESSLIABILITY/>
      <GSTOVRDNASSESSABLEVALUE/>
      <GSTASSBLVALUE/>
      <STRDCOMPUTEDASSESSABLEVALUE/>
      <STRDCOMPUTEDIGST/>
      <STRDCOMPUTEDCGST/>
      <STRDCOMPUTEDSGST/>
      <STRDCOMPUTEDCESS/>
      <STRDCOMPUTEDCESSONQTY/>
      <ORIGINVGOODSTAXVALUE/>
      <VATWCESTABLISHMENTCOST/>
      <VATWCCONTRACTORPROFIT/>
      <VATWCPLANNINGDESIGNFEES/>
      <VATWCMACHINERYTOOLSCHARGES/>
      <VATWCCONSUMABLESCOST/>
      <VATEXPAMOUNT/>
      <VATASSBLVALUE/>
      <VATACCEPTEDTAXAMT/>
      <VATACCEPTEDADDLTAXAMT/>
      <CASHRECEIVED/>
      <CAPVATASSEABLEVALUE/>
      <CAPVATTAXVALUE/>
      <ORIGPURCHVALUE/>
      <SUPPLYMARGVAL/>
      <STRDAPPRSTATECESSGST/>
      <STRDAPPROPRIATEDDISCOUNT/>
      <STRDEXCISETAX/>
      <SERVICETAXDETAILS.LIST>      </SERVICETAXDETAILS.LIST>
      <BANKALLOCATIONS.LIST>      </BANKALLOCATIONS.LIST>
      <BILLALLOCATIONS.LIST>
       <BILLDATE TYPE="Date">20260501</BILLDATE>
       <YEAREND/>
       <BILLCREATIONDATE TYPE="Date">20260501</BILLCREATIONDATE>
       <NAME>1</NAME>
       <BILLCREDITPERIOD JD="46142" P="15 Days">15 Days</BILLCREDITPERIOD>
       <TDSDEDUCTEESECTIONNUMBER/>
       <TDSLEDGERNC/>
       <SERVICETAXLEDGER/>
       <BILLTYPE>New Ref</BILLTYPE>
       <SUMNAME/>
       <TDSDEDUCTEEISSPECIALRATE>No</TDSDEDUCTEEISSPECIALRATE>
       <TDSDEDUCTEESPECIALRATE>0</TDSDEDUCTEESPECIALRATE>
       <BILLID TYPE="Number"> 4</BILLID>
       <AMOUNT>-2655.00</AMOUNT>
       <INTERESTCOLLECTION.LIST>       </INTERESTCOLLECTION.LIST>
       <STBILLCATEGORIES.LIST>       </STBILLCATEGORIES.LIST>
      </BILLALLOCATIONS.LIST>
      <INTERESTCOLLECTION.LIST>      </INTERESTCOLLECTION.LIST>
      <OLDAUDITENTRIES.LIST>      </OLDAUDITENTRIES.LIST>
      <ACCOUNTAUDITENTRIES.LIST>      </ACCOUNTAUDITENTRIES.LIST>
      <AUDITENTRIES.LIST>      </AUDITENTRIES.LIST>
      <INPUTCRALLOCS.LIST>      </INPUTCRALLOCS.LIST>
      <DUTYHEADDETAILS.LIST>      </DUTYHEADDETAILS.LIST>
      <EXCISEDUTYHEADDETAILS.LIST>      </EXCISEDUTYHEADDETAILS.LIST>
      <RATEDETAILS.LIST>      </RATEDETAILS.LIST>
      <SUMMARYALLOCS.LIST>      </SUMMARYALLOCS.LIST>
      <CENVATDUTYALLOCATIONS.LIST>      </CENVATDUTYALLOCATIONS.LIST>
      <STPYMTDETAILS.LIST>      </STPYMTDETAILS.LIST>
      <EXCISEPAYMENTALLOCATIONS.LIST>      </EXCISEPAYMENTALLOCATIONS.LIST>
      <TAXBILLALLOCATIONS.LIST>      </TAXBILLALLOCATIONS.LIST>
      <TAXOBJECTALLOCATIONS.LIST>      </TAXOBJECTALLOCATIONS.LIST>
      <TDSEXPENSEALLOCATIONS.LIST>      </TDSEXPENSEALLOCATIONS.LIST>
      <VATSTATUTORYDETAILS.LIST>      </VATSTATUTORYDETAILS.LIST>
      <COSTTRACKALLOCATIONS.LIST>      </COSTTRACKALLOCATIONS.LIST>
      <REFVOUCHERDETAILS.LIST>      </REFVOUCHERDETAILS.LIST>
      <INVOICEWISEDETAILS.LIST>      </INVOICEWISEDETAILS.LIST>
      <VATITCDETAILS.LIST>      </VATITCDETAILS.LIST>
      <ADVANCETAXDETAILS.LIST>      </ADVANCETAXDETAILS.LIST>
      <TAXTYPEALLOCATIONS.LIST>      </TAXTYPEALLOCATIONS.LIST>
     </ALLLEDGERENTRIES.LIST>
     <ALLLEDGERENTRIES.LIST>
      <OLDAUDITENTRYIDS.LIST TYPE="Number">
       <OLDAUDITENTRYIDS>-1</OLDAUDITENTRYIDS>
      </OLDAUDITENTRYIDS.LIST>
      <ORIGPURCHINVDATE/>
      <NARRATION/>
      <ADDLALLOCTYPE/>
      <TAXCLASSIFICATIONNAME/>
      <APPROPRIATEFOR/>
      <GSTDUTYHEAD/>
      <GSTAPPROPRIATETO/>
      <NOTIFICATIONSLNO/>
      <EXCISEALLOCTYPE/>
      <SWIFTCODE/>
      <ROUNDTYPE/>
      <LEDGERNAME>IGST Sale 18%</LEDGERNAME>
      <TAXUNITNAME/>
      <STATNATURENAME/>
      <GOODSTYPE/>
      <VATTRADENAME/>
      <METHODTYPE/>
      <CLASSRATE/>
      <STATCLASSIFICATIONNAME/>
      <EXCISECLASSIFICATIONNAME/>
      <ISZRBASICSERVICE/>
      <VATCOMMODITYNAME/>
      <SCHEDULE/>
      <SCHEDULESERIALNUMBER/>
      <VATCOMMODITYCODE/>
      <VATSUBCOMMODITYCODE/>
      <VATMAJORCOMMODITYNAME/>
      <STRDGSTDERIVEDLOCATIONTYPE/>
      <STRDGSTDERIVEDTAXABILITY/>
      <STRDGSTDERIVEDNATURETYPE/>
      <STRDGSTDERIVEDSUPPLYTYPE/>
      <TDSPARTYNAME/>
      <VATPARTYORGNAME/>
      <XBRLADJTYPE/>
      <VOUCHERFBTCATEGORY/>
      <TYPEOFTAXPAYMENT/>
      <VATCALCULATIONTYPE/>
      <VATWORKSCONTRACTTYPE/>
      <VATWCDESCRIPTION/>
      <GSTCLASS>&#4; Not Applicable</GSTCLASS>
      <SCHVIADJTYPE/>
      <GSTOVRDNCLASSIFICATION/>
      <GSTOVRDNNATURE/>
      <GSTOVRDNINELIGIBLEITC/>
      <GSTOVRDNISREVCHARGEAPPL/>
      <GSTOVRDNTAXABILITY/>
      <GSTHSNSACCODE/>
      <GSTSOURCETYPE/>
      <GSTITEMSOURCE/>
      <GSTLEDGERSOURCE/>
      <GSTGROUPSOURCE/>
      <GSTSTOCKGROUPSOURCE/>
      <HSNSOURCETYPE/>
      <HSNITEMSOURCE/>
      <HSNLEDGERSOURCE/>
      <HSNGROUPSOURCE/>
      <HSNSTOCKGROUPSOURCE/>
      <GSTOVRDNSTOREDNATURE/>
      <GSTOVRDNTYPEOFSUPPLY/>
      <GSTRATEINFERAPPLICABILITY/>
      <GSTOVRDNNATUREOFGOODS/>
      <GSTHSNNAME/>
      <GSTHSNDESCRIPTION/>
      <GSTHSNINFERAPPLICABILITY/>
      <HSNOVRDNCLASSIFICATION/>
      <STRDGSTFINALNATUREOFENTRY/>
      <STRDGSTDUTYHEAD/>
      <VATGOODSNATURE/>
      <GSTDEPGSTCLASSIFICATION/>
      <GSTDEPHSNCLASSIFICATION/>
      <POSPAYMENTTYPE/>
      <GSTPARTYLEDGER/>
      <ORIGPURCHPARTY/>
      <ORIGPURCHPARTYADDRESS/>
      <ORIGPURCHINVNO/>
      <ORIGPURCHNOTE/>
      <ISDEEMEDPOSITIVE>No</ISDEEMEDPOSITIVE>
      <LEDGERFROMITEM>No</LEDGERFROMITEM>
      <REMOVEZEROENTRIES/>
      <ISPARTYLEDGER>No</ISPARTYLEDGER>
      <GSTOVERRIDDEN>No</GSTOVERRIDDEN>
      <ISGSTASSESSABLEVALUEOVERRIDDEN>No</ISGSTASSESSABLEVALUEOVERRIDDEN>
      <STRDISGSTAPPLICABLE>No</STRDISGSTAPPLICABLE>
      <STRDGSTISPARTYLEDGER>No</STRDGSTISPARTYLEDGER>
      <STRDGSTISDUTYLEDGER>No</STRDGSTISDUTYLEDGER>
      <CONTENTNEGISPOS/>
      <ISLASTDEEMEDPOSITIVE>No</ISLASTDEEMEDPOSITIVE>
      <ISCAPVATTAXALTERED/>
      <ISCAPVATNOTCLAIMED>No</ISCAPVATNOTCLAIMED>
      <STCRADJPERCENT>0</STCRADJPERCENT>
      <ROUNDLIMIT>0</ROUNDLIMIT>
      <RATEOFADDLVAT>0</RATEOFADDLVAT>
      <RATEOFCESSONVAT>0</RATEOFCESSONVAT>
      <VATTAXRATE>0</VATTAXRATE>
      <VATITEMQTY>0</VATITEMQTY>
      <VATWCDEDUCTRATE>0</VATWCDEDUCTRATE>
      <PREVINVTOTALNUM>0</PREVINVTOTALNUM>
      <VATWCDEDUCTIONRATE>0</VATWCDEDUCTIONRATE>
      <GSTTAXRATE>0</GSTTAXRATE>
      <ORIGINVGOODSQTY>0</ORIGINVGOODSQTY>
      <CAPVATTAXRATE>0</CAPVATTAXRATE>
      <AMOUNT>2250.00</AMOUNT>
      <CESSASSVALONCLASS/>
      <ADDNLVATCLASSAMT/>
      <EIDISCOUNTAMT/>
      <FBTEXEMPTAMOUNT/>
      <VATASSESSABLEVALUE/>
      <VATWCCOSTOFLAND/>
      <VATWCDEDLABOURCHARGES/>
      <VATWCOTHERDEDUCTIONAMT/>
      <VATWCVALUEOFTAXFREEGOODS/>
      <VATWCOTHERCHARGES/>
      <VATWCSUBCONTRACTORAMT/>
      <VATWCDEDUCTAMT/>
      <WCTOTALDEDUCTIONAMT/>
      <PREVAMOUNT/>
      <PREVINVTOTALAMT/>
      <VATWCDEDUCTIONAMOUNT/>
      <ORIGINVGOODSVALUE/>
      <CENVATCAPTINPUTAMT/>
      <GSTASSESSABLEVALUE/>
      <IGSTLIABILITY/>
      <CGSTLIABILITY/>
      <SGSTLIABILITY/>
      <GSTCESSLIABILITY/>
      <GSTOVRDNASSESSABLEVALUE/>
      <GSTASSBLVALUE/>
      <STRDCOMPUTEDASSESSABLEVALUE/>
      <STRDCOMPUTEDIGST/>
      <STRDCOMPUTEDCGST/>
      <STRDCOMPUTEDSGST/>
      <STRDCOMPUTEDCESS/>
      <STRDCOMPUTEDCESSONQTY/>
      <ORIGINVGOODSTAXVALUE/>
      <VATWCESTABLISHMENTCOST/>
      <VATWCCONTRACTORPROFIT/>
      <VATWCPLANNINGDESIGNFEES/>
      <VATWCMACHINERYTOOLSCHARGES/>
      <VATWCCONSUMABLESCOST/>
      <VATEXPAMOUNT/>
      <VATASSBLVALUE/>
      <VATACCEPTEDTAXAMT/>
      <VATACCEPTEDADDLTAXAMT/>
      <CASHRECEIVED/>
      <CAPVATASSEABLEVALUE/>
      <CAPVATTAXVALUE/>
      <ORIGPURCHVALUE/>
      <SUPPLYMARGVAL/>
      <STRDAPPRSTATECESSGST/>
      <STRDAPPROPRIATEDDISCOUNT/>
      <STRDEXCISETAX/>
      <SERVICETAXDETAILS.LIST>      </SERVICETAXDETAILS.LIST>
      <BANKALLOCATIONS.LIST>      </BANKALLOCATIONS.LIST>
      <BILLALLOCATIONS.LIST>      </BILLALLOCATIONS.LIST>
      <INTERESTCOLLECTION.LIST>      </INTERESTCOLLECTION.LIST>
      <OLDAUDITENTRIES.LIST>      </OLDAUDITENTRIES.LIST>
      <ACCOUNTAUDITENTRIES.LIST>      </ACCOUNTAUDITENTRIES.LIST>
      <AUDITENTRIES.LIST>      </AUDITENTRIES.LIST>
      <INPUTCRALLOCS.LIST>      </INPUTCRALLOCS.LIST>
      <INVENTORYALLOCATIONS.LIST>
       <ORIGINVOICEDATE/>
       <ORIGSALESINVDATE/>
       <DESCRIPTION/>
       <STOCKITEMNAME>3/4 CPVC Pipe</STOCKITEMNAME>
       <STATNATURENAME/>
       <EXCISECLASSIFICATIONNAME/>
       <ISZRBASICSERVICE/>
       <STRDGSTDERIVEDLOCATIONTYPE/>
       <STRDGSTDERIVEDTAXABILITY/>
       <STRDGSTDERIVEDNATURETYPE/>
       <STRDGSTDERIVEDSUPPLYTYPE/>
       <GSTOVRDNCLASSIFICATION/>
       <GSTOVRDNNATURE/>
       <GSTOVRDNINELIGIBLEITC/>
       <GSTOVRDNISREVCHARGEAPPL>&#4; Not Applicable</GSTOVRDNISREVCHARGEAPPL>
       <GSTOVRDNTAXABILITY>Taxable</GSTOVRDNTAXABILITY>
       <GSTSOURCETYPE>Stock Item</GSTSOURCETYPE>
       <GSTITEMSOURCE>3/4 CPVC Pipe</GSTITEMSOURCE>
       <GSTLEDGERSOURCE/>
       <GSTGROUPSOURCE/>
       <GSTSTOCKGROUPSOURCE/>
       <HSNSOURCETYPE>Stock Item</HSNSOURCETYPE>
       <HSNITEMSOURCE>3/4 CPVC Pipe</HSNITEMSOURCE>
       <HSNLEDGERSOURCE/>
       <HSNGROUPSOURCE/>
       <HSNSTOCKGROUPSOURCE/>
       <GSTOVRDNSTOREDNATURE>&#4; System Inferred</GSTOVRDNSTOREDNATURE>
       <GSTOVRDNTYPEOFSUPPLY>Goods</GSTOVRDNTYPEOFSUPPLY>
       <GSTRATEINFERAPPLICABILITY>As per Masters/Company</GSTRATEINFERAPPLICABILITY>
       <GSTOVRDNNATUREOFGOODS/>
       <GSTHSNNAME>3918</GSTHSNNAME>
       <GSTHSNDESCRIPTION/>
       <GSTHSNINFERAPPLICABILITY>As per Masters/Company</GSTHSNINFERAPPLICABILITY>
       <HSNOVRDNCLASSIFICATION/>
       <STRDGSTFINALNATUREOFENTRY/>
       <GSTDEPGSTCLASSIFICATION/>
       <GSTDEPHSNCLASSIFICATION/>
       <EXCISETARIFF/>
       <EXCISEEXEMPTION/>
       <TRADERCNSALESNUMBER/>
       <BASICPACKAGEMARKS/>
       <BASICNUMPACKAGES/>
       <SDTAXCLASSIFICATIONNAME/>
       <NATUREOFCOMPONENT/>
       <COMPONENTLISTTYPE/>
       <DISPLAYNATUREOFCOMPONENT/>
       <BOMNAME/>
       <ORIGINVOICENUMBER/>
       <ORIGINVOICEBOOKNAME/>
       <ORIGSALESINVNO/>
       <EXCISERETURNINVOICENO/>
       <REASONOFREJECTION/>
       <EXCISECREDITPARTY/>
       <EXCISECREDITSTKITEM/>
       <EXCISECREDITCATEGORY/>
       <TRADERSUPPLIERINVOICENO/>
       <EXCISESALESINVOICENO/>
       <GSTITEMUQC/>
       <GSTITEMUQCUOM/>
       <ADDLAMOUNT/>
       <ISDEEMEDPOSITIVE>No</ISDEEMEDPOSITIVE>
       <ISGSTASSESSABLEVALUEOVERRIDDEN/>
       <STRDISGSTAPPLICABLE/>
       <CONTENTNEGISPOS/>
       <ISLASTDEEMEDPOSITIVE>No</ISLASTDEEMEDPOSITIVE>
       <ISAUTONEGATE>No</ISAUTONEGATE>
       <ISCUSTOMSCLEARANCE/>
       <ISTRACKCOMPONENT/>
       <ISTRACKPRODUCTION/>
       <ISPRIMARYITEM/>
       <ISSCRAP>No</ISSCRAP>
       <RATE>150.00/LTH</RATE>
       <DISCOUNT>0</DISCOUNT>
       <VATTAXRATE>0</VATTAXRATE>
       <ORIGINVGOODSQTY>0</ORIGINVGOODSQTY>
       <EXCISEMRPABATEMENT>0</EXCISEMRPABATEMENT>
       <ADDLCOSTPERC>0</ADDLCOSTPERC>
       <REVISEDRATEOFDUTY>0</REVISEDRATEOFDUTY>
       <ORIGRATEOFDUTY>0</ORIGRATEOFDUTY>
       <ORIGMRPABATEMENT>0</ORIGMRPABATEMENT>
       <EXCISERETURNDUTYRATE>0</EXCISERETURNDUTYRATE>
       <GVATEXCISERATE>0</GVATEXCISERATE>
       <AMOUNT>2250.00</AMOUNT>
       <EXCISEASSESSABLEVALUE/>
       <CESSASSVALONCLASS/>
       <EIDISCOUNTAMT/>
       <VATASSESSABLEVALUE/>
       <VATWCDEDUCTAMT/>
       <WCTOTALDEDUCTIONAMT/>
       <ORIGINVGOODSVALUE/>
       <GSTOVRDNASSESSABLEVALUE/>
       <GSTASSBLVALUE/>
       <STRDCOMPUTEDASSESSABLEVALUE/>
       <STRDCOMPUTEDIGST/>
       <STRDCOMPUTEDCGST/>
       <STRDCOMPUTEDSGST/>
       <STRDCOMPUTEDCESS/>
       <STRDCOMPUTEDCESSONQTY/>
       <ORIGINVGOODSTAXVALUE/>
       <VATASSBLVALUE/>
       <VATACCEPTEDTAXAMT/>
       <VATACCEPTEDADDLTAXAMT/>
       <STRDAPPRSTATECESSGST/>
       <STRDAPPROPRIATEDDISCOUNT/>
       <STRDEXCISETAX/>
       <VATINPUTTAXCREDIT/>
       <VATELIGIBLECREDIT/>
       <GVATEXCISEAMT/>
       <ACTUALQTY> 15 LTH</ACTUALQTY>
       <BILLEDQTY> 15 LTH</BILLEDQTY>
       <ORIGACTUALQTY/>
       <ORIGBILLEDQTY/>
       <EXCISERETURNINVOICEQTY/>
       <USABLEQTY/>
       <EXCISECREDITPENDINGQTY/>
       <MRPRATE/>
       <EXCISEMRPRATE/>
       <ORIGRATE/>
       <REVISEDRATE/>
       <ESCALATIONRATE/>
       <ORIGMRPRATE/>
       <ORIGRATEOFQTY/>
       <REVISEDRATEOFQTY/>
       <INCLVATRATE/>
       <BATCHALLOCATIONS.LIST>
        <MFDON/>
        <ORDERYEAREND/>
        <TRACKINGYEAREND/>
        <ORDERPRECLOSUREDATE/>
        <NARRATION/>
        <GODOWNNAME>Main Location</GODOWNNAME>
        <BATCHNAME>Primary Batch</BATCHNAME>
        <DESTINATIONGODOWNNAME>Main Location</DESTINATIONGODOWNNAME>
        <INDENTNO>&#4; Not Applicable</INDENTNO>
        <ORDERTYPE/>
        <PARENTITEM/>
        <ORDERCLOSUREREASON/>
        <ORDERNO>&#4; Not Applicable</ORDERNO>
        <TRACKINGNUMBER>&#4; Not Applicable</TRACKINGNUMBER>
        <DYNAMICCSTNO/>
        <DYNAMICCSTPARENTITEM/>
        <SUMDYNAMICCSTNO/>
        <SUMBATCHNAME/>
        <SUMTRACKINGNUMBER/>
        <SUMORDERNO/>
        <SUMINDENTNO/>
        <ADDLAMOUNT/>
        <DYNAMICCSTISCLEARED>No</DYNAMICCSTISCLEARED>
        <BATCHID TYPE="Number"> 1</BATCHID>
        <BATCHDISCOUNT TYPE="Number">0</BATCHDISCOUNT>
        <AMOUNT>2250.00</AMOUNT>
        <ADDLEXPENSEAMOUNT/>
        <BATCHDIFFVAL/>
        <ACTUALQTY> 15 LTH</ACTUALQTY>
        <BILLEDQTY> 15 LTH</BILLEDQTY>
        <ORDERPRECLOSUREQTY/>
        <ORIGACTUALQTY/>
        <ORIGBILLEDQTY/>
        <BATCHPHYSDIFF/>
        <ORIGRATE/>
        <REVISEDRATE/>
        <ESCALATIONRATE/>
        <INCLVATRATE/>
        <BATCHRATE TYPE="Rate">150.00/LTH</BATCHRATE>
        <EXPIRYPERIOD/>
        <INDENTDUEDATE/>
        <ORDERDUEDATE/>
        <ADDITIONALDETAILS.LIST>        </ADDITIONALDETAILS.LIST>
        <VOUCHERCOMPONENTLIST.LIST>        </VOUCHERCOMPONENTLIST.LIST>
       </BATCHALLOCATIONS.LIST>
       <DUTYHEADDETAILS.LIST>       </DUTYHEADDETAILS.LIST>
       <RATEDETAILS.LIST>
        <GSTRATEDUTYHEAD>CGST</GSTRATEDUTYHEAD>
        <GSTRATEVALUATIONTYPE>Based on Value</GSTRATEVALUATIONTYPE>
        <GSTRATE> 9</GSTRATE>
        <GSTRATEPERUNIT>0</GSTRATEPERUNIT>
       </RATEDETAILS.LIST>
       <RATEDETAILS.LIST>
        <GSTRATEDUTYHEAD>SGST/UTGST</GSTRATEDUTYHEAD>
        <GSTRATEVALUATIONTYPE>Based on Value</GSTRATEVALUATIONTYPE>
        <GSTRATE> 9</GSTRATE>
        <GSTRATEPERUNIT>0</GSTRATEPERUNIT>
       </RATEDETAILS.LIST>
       <RATEDETAILS.LIST>
        <GSTRATEDUTYHEAD>IGST</GSTRATEDUTYHEAD>
        <GSTRATEVALUATIONTYPE>Based on Value</GSTRATEVALUATIONTYPE>
        <GSTRATE> 18</GSTRATE>
        <GSTRATEPERUNIT>0</GSTRATEPERUNIT>
       </RATEDETAILS.LIST>
       <RATEDETAILS.LIST>
        <GSTRATEDUTYHEAD>Cess</GSTRATEDUTYHEAD>
        <GSTRATEVALUATIONTYPE>&#4; Not Applicable</GSTRATEVALUATIONTYPE>
        <GSTRATE>0</GSTRATE>
        <GSTRATEPERUNIT>0</GSTRATEPERUNIT>
       </RATEDETAILS.LIST>
       <RATEDETAILS.LIST>
        <GSTRATEDUTYHEAD>State Cess</GSTRATEDUTYHEAD>
        <GSTRATEVALUATIONTYPE>Based on Value</GSTRATEVALUATIONTYPE>
        <GSTRATE>0</GSTRATE>
        <GSTRATEPERUNIT>0</GSTRATEPERUNIT>
       </RATEDETAILS.LIST>
       <SUPPLEMENTARYDUTYHEADDETAILS.LIST>       </SUPPLEMENTARYDUTYHEADDETAILS.LIST>
       <TAXOBJECTALLOCATIONS.LIST>       </TAXOBJECTALLOCATIONS.LIST>
       <COSTTRACKALLOCATIONS.LIST>       </COSTTRACKALLOCATIONS.LIST>
       <REFVOUCHERDETAILS.LIST>       </REFVOUCHERDETAILS.LIST>
       <EXCISEALLOCATIONS.LIST>       </EXCISEALLOCATIONS.LIST>
       <EXPENSEALLOCATIONS.LIST>       </EXPENSEALLOCATIONS.LIST>
      </INVENTORYALLOCATIONS.LIST>
      <DUTYHEADDETAILS.LIST>      </DUTYHEADDETAILS.LIST>
      <EXCISEDUTYHEADDETAILS.LIST>      </EXCISEDUTYHEADDETAILS.LIST>
      <RATEDETAILS.LIST>      </RATEDETAILS.LIST>
      <SUMMARYALLOCS.LIST>      </SUMMARYALLOCS.LIST>
      <CENVATDUTYALLOCATIONS.LIST>      </CENVATDUTYALLOCATIONS.LIST>
      <STPYMTDETAILS.LIST>      </STPYMTDETAILS.LIST>
      <EXCISEPAYMENTALLOCATIONS.LIST>      </EXCISEPAYMENTALLOCATIONS.LIST>
      <TAXBILLALLOCATIONS.LIST>      </TAXBILLALLOCATIONS.LIST>
      <TAXOBJECTALLOCATIONS.LIST>      </TAXOBJECTALLOCATIONS.LIST>
      <TDSEXPENSEALLOCATIONS.LIST>      </TDSEXPENSEALLOCATIONS.LIST>
      <VATSTATUTORYDETAILS.LIST>      </VATSTATUTORYDETAILS.LIST>
      <REFVOUCHERDETAILS.LIST>      </REFVOUCHERDETAILS.LIST>
      <INVOICEWISEDETAILS.LIST>      </INVOICEWISEDETAILS.LIST>
      <VATITCDETAILS.LIST>      </VATITCDETAILS.LIST>
      <ADVANCETAXDETAILS.LIST>      </ADVANCETAXDETAILS.LIST>
      <TAXTYPEALLOCATIONS.LIST>      </TAXTYPEALLOCATIONS.LIST>
     </ALLLEDGERENTRIES.LIST>
     <ALLLEDGERENTRIES.LIST>
      <OLDAUDITENTRYIDS.LIST TYPE="Number">
       <OLDAUDITENTRYIDS>-1</OLDAUDITENTRYIDS>
      </OLDAUDITENTRYIDS.LIST>
      <RATEOFINVOICETAX.LIST TYPE="Number">
       <RATEOFINVOICETAX> 18</RATEOFINVOICETAX>
      </RATEOFINVOICETAX.LIST>
      <ORIGPURCHINVDATE/>
      <NARRATION/>
      <ADDLALLOCTYPE/>
      <TAXCLASSIFICATIONNAME/>
      <APPROPRIATEFOR/>
      <GSTDUTYHEAD/>
      <GSTAPPROPRIATETO/>
      <NOTIFICATIONSLNO/>
      <EXCISEALLOCTYPE/>
      <SWIFTCODE/>
      <ROUNDTYPE/>
      <LEDGERNAME>IGST 18%</LEDGERNAME>
      <TAXUNITNAME/>
      <STATNATURENAME/>
      <GOODSTYPE/>
      <VATTRADENAME/>
      <METHODTYPE/>
      <CLASSRATE/>
      <STATCLASSIFICATIONNAME/>
      <EXCISECLASSIFICATIONNAME/>
      <ISZRBASICSERVICE/>
      <VATCOMMODITYNAME/>
      <SCHEDULE/>
      <SCHEDULESERIALNUMBER/>
      <VATCOMMODITYCODE/>
      <VATSUBCOMMODITYCODE/>
      <VATMAJORCOMMODITYNAME/>
      <STRDGSTDERIVEDLOCATIONTYPE/>
      <STRDGSTDERIVEDTAXABILITY/>
      <STRDGSTDERIVEDNATURETYPE/>
      <STRDGSTDERIVEDSUPPLYTYPE/>
      <TDSPARTYNAME/>
      <VATPARTYORGNAME/>
      <XBRLADJTYPE/>
      <VOUCHERFBTCATEGORY/>
      <TYPEOFTAXPAYMENT/>
      <VATCALCULATIONTYPE/>
      <VATWORKSCONTRACTTYPE/>
      <VATWCDESCRIPTION/>
      <GSTCLASS>&#4; Not Applicable</GSTCLASS>
      <SCHVIADJTYPE/>
      <GSTOVRDNCLASSIFICATION/>
      <GSTOVRDNNATURE/>
      <GSTOVRDNINELIGIBLEITC/>
      <GSTOVRDNISREVCHARGEAPPL/>
      <GSTOVRDNTAXABILITY/>
      <GSTHSNSACCODE/>
      <GSTSOURCETYPE/>
      <GSTITEMSOURCE/>
      <GSTLEDGERSOURCE/>
      <GSTGROUPSOURCE/>
      <GSTSTOCKGROUPSOURCE/>
      <HSNSOURCETYPE/>
      <HSNITEMSOURCE/>
      <HSNLEDGERSOURCE/>
      <HSNGROUPSOURCE/>
      <HSNSTOCKGROUPSOURCE/>
      <GSTOVRDNSTOREDNATURE/>
      <GSTOVRDNTYPEOFSUPPLY/>
      <GSTRATEINFERAPPLICABILITY/>
      <GSTOVRDNNATUREOFGOODS/>
      <GSTHSNNAME/>
      <GSTHSNDESCRIPTION/>
      <GSTHSNINFERAPPLICABILITY/>
      <HSNOVRDNCLASSIFICATION/>
      <STRDGSTFINALNATUREOFENTRY/>
      <STRDGSTDUTYHEAD/>
      <VATGOODSNATURE/>
      <GSTDEPGSTCLASSIFICATION/>
      <GSTDEPHSNCLASSIFICATION/>
      <POSPAYMENTTYPE/>
      <GSTPARTYLEDGER/>
      <ORIGPURCHPARTY/>
      <ORIGPURCHPARTYADDRESS/>
      <ORIGPURCHINVNO/>
      <ORIGPURCHNOTE/>
      <ISDEEMEDPOSITIVE>No</ISDEEMEDPOSITIVE>
      <LEDGERFROMITEM>No</LEDGERFROMITEM>
      <REMOVEZEROENTRIES/>
      <ISPARTYLEDGER>No</ISPARTYLEDGER>
      <GSTOVERRIDDEN>No</GSTOVERRIDDEN>
      <ISGSTASSESSABLEVALUEOVERRIDDEN>No</ISGSTASSESSABLEVALUEOVERRIDDEN>
      <STRDISGSTAPPLICABLE>No</STRDISGSTAPPLICABLE>
      <STRDGSTISPARTYLEDGER>No</STRDGSTISPARTYLEDGER>
      <STRDGSTISDUTYLEDGER>No</STRDGSTISDUTYLEDGER>
      <CONTENTNEGISPOS/>
      <ISLASTDEEMEDPOSITIVE>No</ISLASTDEEMEDPOSITIVE>
      <ISCAPVATTAXALTERED/>
      <ISCAPVATNOTCLAIMED>No</ISCAPVATNOTCLAIMED>
      <STCRADJPERCENT>0</STCRADJPERCENT>
      <ROUNDLIMIT>0</ROUNDLIMIT>
      <RATEOFADDLVAT>0</RATEOFADDLVAT>
      <RATEOFCESSONVAT>0</RATEOFCESSONVAT>
      <VATTAXRATE>0</VATTAXRATE>
      <VATITEMQTY>0</VATITEMQTY>
      <VATWCDEDUCTRATE>0</VATWCDEDUCTRATE>
      <PREVINVTOTALNUM>0</PREVINVTOTALNUM>
      <VATWCDEDUCTIONRATE>0</VATWCDEDUCTIONRATE>
      <GSTTAXRATE>0</GSTTAXRATE>
      <ORIGINVGOODSQTY>0</ORIGINVGOODSQTY>
      <CAPVATTAXRATE>0</CAPVATTAXRATE>
      <AMOUNT>405.00</AMOUNT>
      <CESSASSVALONCLASS/>
      <ADDNLVATCLASSAMT/>
      <EIDISCOUNTAMT/>
      <FBTEXEMPTAMOUNT/>
      <VATASSESSABLEVALUE/>
      <VATWCCOSTOFLAND/>
      <VATWCDEDLABOURCHARGES/>
      <VATWCOTHERDEDUCTIONAMT/>
      <VATWCVALUEOFTAXFREEGOODS/>
      <VATWCOTHERCHARGES/>
      <VATWCSUBCONTRACTORAMT/>
      <VATWCDEDUCTAMT/>
      <WCTOTALDEDUCTIONAMT/>
      <PREVAMOUNT/>
      <PREVINVTOTALAMT/>
      <VATWCDEDUCTIONAMOUNT/>
      <ORIGINVGOODSVALUE/>
      <CENVATCAPTINPUTAMT/>
      <GSTASSESSABLEVALUE/>
      <IGSTLIABILITY/>
      <CGSTLIABILITY/>
      <SGSTLIABILITY/>
      <GSTCESSLIABILITY/>
      <GSTOVRDNASSESSABLEVALUE/>
      <GSTASSBLVALUE/>
      <STRDCOMPUTEDASSESSABLEVALUE/>
      <STRDCOMPUTEDIGST/>
      <STRDCOMPUTEDCGST/>
      <STRDCOMPUTEDSGST/>
      <STRDCOMPUTEDCESS/>
      <STRDCOMPUTEDCESSONQTY/>
      <ORIGINVGOODSTAXVALUE/>
      <VATWCESTABLISHMENTCOST/>
      <VATWCCONTRACTORPROFIT/>
      <VATWCPLANNINGDESIGNFEES/>
      <VATWCMACHINERYTOOLSCHARGES/>
      <VATWCCONSUMABLESCOST/>
      <VATEXPAMOUNT>405.00</VATEXPAMOUNT>
      <VATASSBLVALUE/>
      <VATACCEPTEDTAXAMT/>
      <VATACCEPTEDADDLTAXAMT/>
      <CASHRECEIVED/>
      <CAPVATASSEABLEVALUE/>
      <CAPVATTAXVALUE/>
      <ORIGPURCHVALUE/>
      <SUPPLYMARGVAL/>
      <STRDAPPRSTATECESSGST/>
      <STRDAPPROPRIATEDDISCOUNT/>
      <STRDEXCISETAX/>
      <SERVICETAXDETAILS.LIST>      </SERVICETAXDETAILS.LIST>
      <BANKALLOCATIONS.LIST>      </BANKALLOCATIONS.LIST>
      <BILLALLOCATIONS.LIST>      </BILLALLOCATIONS.LIST>
      <INTERESTCOLLECTION.LIST>      </INTERESTCOLLECTION.LIST>
      <OLDAUDITENTRIES.LIST>      </OLDAUDITENTRIES.LIST>
      <ACCOUNTAUDITENTRIES.LIST>      </ACCOUNTAUDITENTRIES.LIST>
      <AUDITENTRIES.LIST>      </AUDITENTRIES.LIST>
      <INPUTCRALLOCS.LIST>      </INPUTCRALLOCS.LIST>
      <DUTYHEADDETAILS.LIST>      </DUTYHEADDETAILS.LIST>
      <EXCISEDUTYHEADDETAILS.LIST>      </EXCISEDUTYHEADDETAILS.LIST>
      <RATEDETAILS.LIST>      </RATEDETAILS.LIST>
      <SUMMARYALLOCS.LIST>      </SUMMARYALLOCS.LIST>
      <CENVATDUTYALLOCATIONS.LIST>      </CENVATDUTYALLOCATIONS.LIST>
      <STPYMTDETAILS.LIST>      </STPYMTDETAILS.LIST>
      <EXCISEPAYMENTALLOCATIONS.LIST>      </EXCISEPAYMENTALLOCATIONS.LIST>
      <TAXBILLALLOCATIONS.LIST>      </TAXBILLALLOCATIONS.LIST>
      <TAXOBJECTALLOCATIONS.LIST>      </TAXOBJECTALLOCATIONS.LIST>
      <TDSEXPENSEALLOCATIONS.LIST>      </TDSEXPENSEALLOCATIONS.LIST>
      <VATSTATUTORYDETAILS.LIST>      </VATSTATUTORYDETAILS.LIST>
      <COSTTRACKALLOCATIONS.LIST>      </COSTTRACKALLOCATIONS.LIST>
      <REFVOUCHERDETAILS.LIST>      </REFVOUCHERDETAILS.LIST>
      <INVOICEWISEDETAILS.LIST>      </INVOICEWISEDETAILS.LIST>
      <VATITCDETAILS.LIST>      </VATITCDETAILS.LIST>
      <ADVANCETAXDETAILS.LIST>      </ADVANCETAXDETAILS.LIST>
      <TAXTYPEALLOCATIONS.LIST>      </TAXTYPEALLOCATIONS.LIST>
     </ALLLEDGERENTRIES.LIST>
    </VOUCHER>
    <VOUCHER REMOTEID="755da616-c913-46c0-9ad0-de5499d071a0-00000002" VCHKEY="755da616-c913-46c0-9ad0-de5499d071a0-0000b43e:00000010" VCHTYPE="Sales" OBJVIEW="Invoice Voucher View">
     <BASICBUYERADDRESS.LIST TYPE="String">
      <BASICBUYERADDRESS>himpachal baddi 123291</BASICBUYERADDRESS>
     </BASICBUYERADDRESS.LIST>
     <DATE TYPE="Date">20260501</DATE>
     <REFERENCEDATE TYPE="Date"></REFERENCEDATE>
     <GUID>755da616-c913-46c0-9ad0-de5499d071a0-00000002</GUID>
     <GSTREGISTRATIONTYPE TYPE="String">Unregistered/Consumer</GSTREGISTRATIONTYPE>
     <NARRATION TYPE="String"></NARRATION>
     <REQUESTORRULE/>
     <PARTYGSTIN TYPE="String"></PARTYGSTIN>
     <PLACEOFSUPPLY TYPE="String">Himachal Pradesh</PLACEOFSUPPLY>
     <VOUCHERTYPENAME>Sales</VOUCHERTYPENAME>
     <PARTYLEDGERNAME TYPE="String">Rahul Trading</PARTYLEDGERNAME>
     <VOUCHERNUMBER>2</VOUCHERNUMBER>
     <BASICBUYERNAME TYPE="String">Rahul Trading</BASICBUYERNAME>
     <REFERENCE TYPE="String"></REFERENCE>
     <SERIALMASTER TYPE="String"></SERIALMASTER>
     <ARESERIALMASTER TYPE="String"></ARESERIALMASTER>
     <NUMBERINGSTYLE>Auto Retain</NUMBERINGSTYLE>
     <PERSISTEDVIEW>Invoice Voucher View</PERSISTEDVIEW>
     <ISDELETED>No</ISDELETED>
     <ASORIGINAL>No</ASORIGINAL>
     <ISDEEMEDPOSITIVE TYPE="Logical">Yes</ISDEEMEDPOSITIVE>
     <ISOPTIONAL TYPE="Logical">No</ISOPTIONAL>
     <EFFECTIVEDATE TYPE="Date">20260501</EFFECTIVEDATE>
     <ISCANCELLED TYPE="Logical">No</ISCANCELLED>
     <ISINVOICE>Yes</ISINVOICE>
     <ASPAYSLIP>No</ASPAYSLIP>
     <ISDELETEDVCHRETAINED>No</ISDELETEDVCHRETAINED>
     <ISNEGISPOSSET TYPE="Logical">Yes</ISNEGISPOSSET>
     <ALTERID TYPE="Number"> 50</ALTERID>
     <MASTERID TYPE="Number"> 2</MASTERID>
     <VOUCHERKEY TYPE="Number">198178380972048</VOUCHERKEY>
     <VOUCHERRETAINKEY TYPE="Number">5</VOUCHERRETAINKEY>
     <REUSEHOLEID TYPE="Number">0</REUSEHOLEID>
     <VOUCHERNUMBERSERIES TYPE="String">Default</VOUCHERNUMBERSERIES>
     <ALLINVENTORYENTRIES.LIST>
      <ORIGINVOICEDATE/>
      <ORIGSALESINVDATE/>
      <DESCRIPTION/>
      <STOCKITEMNAME>3/4 CPVC Elbow</STOCKITEMNAME>
      <STATNATURENAME/>
      <EXCISECLASSIFICATIONNAME/>
      <ISZRBASICSERVICE/>
      <STRDGSTDERIVEDLOCATIONTYPE/>
      <STRDGSTDERIVEDTAXABILITY/>
      <STRDGSTDERIVEDNATURETYPE/>
      <STRDGSTDERIVEDSUPPLYTYPE/>
      <GSTOVRDNCLASSIFICATION/>
      <GSTOVRDNNATURE/>
      <GSTOVRDNINELIGIBLEITC/>
      <GSTOVRDNISREVCHARGEAPPL>&#4; Not Applicable</GSTOVRDNISREVCHARGEAPPL>
      <GSTOVRDNTAXABILITY>Taxable</GSTOVRDNTAXABILITY>
      <GSTSOURCETYPE>Stock Item</GSTSOURCETYPE>
      <GSTITEMSOURCE>3/4 CPVC Elbow</GSTITEMSOURCE>
      <GSTLEDGERSOURCE/>
      <GSTGROUPSOURCE/>
      <GSTSTOCKGROUPSOURCE/>
      <HSNSOURCETYPE>Stock Item</HSNSOURCETYPE>
      <HSNITEMSOURCE>3/4 CPVC Elbow</HSNITEMSOURCE>
      <HSNLEDGERSOURCE/>
      <HSNGROUPSOURCE/>
      <HSNSTOCKGROUPSOURCE/>
      <GSTOVRDNSTOREDNATURE>&#4; System Inferred</GSTOVRDNSTOREDNATURE>
      <GSTOVRDNTYPEOFSUPPLY>Goods</GSTOVRDNTYPEOFSUPPLY>
      <GSTRATEINFERAPPLICABILITY>As per Masters/Company</GSTRATEINFERAPPLICABILITY>
      <GSTOVRDNNATUREOFGOODS/>
      <GSTHSNNAME>3918</GSTHSNNAME>
      <GSTHSNDESCRIPTION/>
      <GSTHSNINFERAPPLICABILITY>As per Masters/Company</GSTHSNINFERAPPLICABILITY>
      <HSNOVRDNCLASSIFICATION/>
      <STRDGSTFINALNATUREOFENTRY/>
      <GSTDEPGSTCLASSIFICATION/>
      <GSTDEPHSNCLASSIFICATION/>
      <EXCISETARIFF/>
      <EXCISEEXEMPTION/>
      <TRADERCNSALESNUMBER/>
      <BASICPACKAGEMARKS/>
      <BASICNUMPACKAGES/>
      <SDTAXCLASSIFICATIONNAME/>
      <NATUREOFCOMPONENT/>
      <COMPONENTLISTTYPE/>
      <DISPLAYNATUREOFCOMPONENT/>
      <BOMNAME/>
      <ORIGINVOICENUMBER/>
      <ORIGINVOICEBOOKNAME/>
      <ORIGSALESINVNO/>
      <EXCISERETURNINVOICENO/>
      <REASONOFREJECTION/>
      <EXCISECREDITPARTY/>
      <EXCISECREDITSTKITEM/>
      <EXCISECREDITCATEGORY/>
      <TRADERSUPPLIERINVOICENO/>
      <EXCISESALESINVOICENO/>
      <GSTITEMUQC/>
      <GSTITEMUQCUOM/>
      <ADDLAMOUNT/>
      <ISDEEMEDPOSITIVE>No</ISDEEMEDPOSITIVE>
      <ISGSTASSESSABLEVALUEOVERRIDDEN/>
      <STRDISGSTAPPLICABLE/>
      <CONTENTNEGISPOS/>
      <ISLASTDEEMEDPOSITIVE>No</ISLASTDEEMEDPOSITIVE>
      <ISAUTONEGATE>No</ISAUTONEGATE>
      <ISCUSTOMSCLEARANCE/>
      <ISTRACKCOMPONENT/>
      <ISTRACKPRODUCTION/>
      <ISPRIMARYITEM/>
      <ISSCRAP>No</ISSCRAP>
      <RATE>15.00/Nos</RATE>
      <DISCOUNT>0</DISCOUNT>
      <VATTAXRATE>0</VATTAXRATE>
      <ORIGINVGOODSQTY>0</ORIGINVGOODSQTY>
      <EXCISEMRPABATEMENT>0</EXCISEMRPABATEMENT>
      <ADDLCOSTPERC>0</ADDLCOSTPERC>
      <REVISEDRATEOFDUTY>0</REVISEDRATEOFDUTY>
      <ORIGRATEOFDUTY>0</ORIGRATEOFDUTY>
      <ORIGMRPABATEMENT>0</ORIGMRPABATEMENT>
      <EXCISERETURNDUTYRATE>0</EXCISERETURNDUTYRATE>
      <GVATEXCISERATE>0</GVATEXCISERATE>
      <AMOUNT>750.00</AMOUNT>
      <EXCISEASSESSABLEVALUE/>
      <CESSASSVALONCLASS/>
      <EIDISCOUNTAMT/>
      <VATASSESSABLEVALUE/>
      <VATWCDEDUCTAMT/>
      <WCTOTALDEDUCTIONAMT/>
      <ORIGINVGOODSVALUE/>
      <GSTOVRDNASSESSABLEVALUE/>
      <GSTASSBLVALUE/>
      <STRDCOMPUTEDASSESSABLEVALUE/>
      <STRDCOMPUTEDIGST/>
      <STRDCOMPUTEDCGST/>
      <STRDCOMPUTEDSGST/>
      <STRDCOMPUTEDCESS/>
      <STRDCOMPUTEDCESSONQTY/>
      <ORIGINVGOODSTAXVALUE/>
      <VATASSBLVALUE/>
      <VATACCEPTEDTAXAMT/>
      <VATACCEPTEDADDLTAXAMT/>
      <STRDAPPRSTATECESSGST/>
      <STRDAPPROPRIATEDDISCOUNT/>
      <STRDEXCISETAX/>
      <VATINPUTTAXCREDIT/>
      <VATELIGIBLECREDIT/>
      <GVATEXCISEAMT/>
      <ACTUALQTY> 50 Nos</ACTUALQTY>
      <BILLEDQTY> 50 Nos</BILLEDQTY>
      <ORIGACTUALQTY/>
      <ORIGBILLEDQTY/>
      <EXCISERETURNINVOICEQTY/>
      <USABLEQTY/>
      <EXCISECREDITPENDINGQTY/>
      <MRPRATE/>
      <EXCISEMRPRATE/>
      <ORIGRATE/>
      <REVISEDRATE/>
      <ESCALATIONRATE/>
      <ORIGMRPRATE/>
      <ORIGRATEOFQTY/>
      <REVISEDRATEOFQTY/>
      <INCLVATRATE/>
      <BATCHALLOCATIONS.LIST>
       <MFDON/>
       <ORDERYEAREND/>
       <TRACKINGYEAREND/>
       <ORDERPRECLOSUREDATE/>
       <NARRATION/>
       <GODOWNNAME>Main Location</GODOWNNAME>
       <BATCHNAME>Primary Batch</BATCHNAME>
       <DESTINATIONGODOWNNAME>Main Location</DESTINATIONGODOWNNAME>
       <INDENTNO>&#4; Not Applicable</INDENTNO>
       <ORDERTYPE/>
       <PARENTITEM/>
       <ORDERCLOSUREREASON/>
       <ORDERNO>&#4; Not Applicable</ORDERNO>
       <TRACKINGNUMBER>&#4; Not Applicable</TRACKINGNUMBER>
       <DYNAMICCSTNO/>
       <DYNAMICCSTPARENTITEM/>
       <SUMDYNAMICCSTNO/>
       <SUMBATCHNAME/>
       <SUMTRACKINGNUMBER/>
       <SUMORDERNO/>
       <SUMINDENTNO/>
       <ADDLAMOUNT/>
       <DYNAMICCSTISCLEARED>No</DYNAMICCSTISCLEARED>
       <BATCHID TYPE="Number"> 2</BATCHID>
       <BATCHDISCOUNT TYPE="Number">0</BATCHDISCOUNT>
       <AMOUNT>750.00</AMOUNT>
       <ADDLEXPENSEAMOUNT/>
       <BATCHDIFFVAL/>
       <ACTUALQTY> 50 Nos</ACTUALQTY>
       <BILLEDQTY> 50 Nos</BILLEDQTY>
       <ORDERPRECLOSUREQTY/>
       <ORIGACTUALQTY/>
       <ORIGBILLEDQTY/>
       <BATCHPHYSDIFF/>
       <ORIGRATE/>
       <REVISEDRATE/>
       <ESCALATIONRATE/>
       <INCLVATRATE/>
       <BATCHRATE TYPE="Rate">15.00/Nos</BATCHRATE>
       <EXPIRYPERIOD/>
       <INDENTDUEDATE/>
       <ORDERDUEDATE/>
       <ADDITIONALDETAILS.LIST>       </ADDITIONALDETAILS.LIST>
       <VOUCHERCOMPONENTLIST.LIST>       </VOUCHERCOMPONENTLIST.LIST>
      </BATCHALLOCATIONS.LIST>
      <ACCOUNTINGALLOCATIONS.LIST>
       <OLDAUDITENTRYIDS.LIST TYPE="Number">
        <OLDAUDITENTRYIDS>-1</OLDAUDITENTRYIDS>
       </OLDAUDITENTRYIDS.LIST>
       <ORIGPURCHINVDATE/>
       <NARRATION/>
       <ADDLALLOCTYPE/>
       <TAXCLASSIFICATIONNAME/>
       <APPROPRIATEFOR/>
       <GSTDUTYHEAD/>
       <GSTAPPROPRIATETO/>
       <NOTIFICATIONSLNO/>
       <EXCISEALLOCTYPE/>
       <SWIFTCODE/>
       <ROUNDTYPE/>
       <LEDGERNAME>IGST Sale 18%</LEDGERNAME>
       <TAXUNITNAME/>
       <STATNATURENAME/>
       <GOODSTYPE/>
       <VATTRADENAME/>
       <METHODTYPE/>
       <CLASSRATE/>
       <STATCLASSIFICATIONNAME/>
       <EXCISECLASSIFICATIONNAME/>
       <ISZRBASICSERVICE/>
       <VATCOMMODITYNAME/>
       <SCHEDULE/>
       <SCHEDULESERIALNUMBER/>
       <VATCOMMODITYCODE/>
       <VATSUBCOMMODITYCODE/>
       <VATMAJORCOMMODITYNAME/>
       <STRDGSTDERIVEDLOCATIONTYPE/>
       <STRDGSTDERIVEDTAXABILITY/>
       <STRDGSTDERIVEDNATURETYPE/>
       <STRDGSTDERIVEDSUPPLYTYPE/>
       <TDSPARTYNAME/>
       <VATPARTYORGNAME/>
       <XBRLADJTYPE/>
       <VOUCHERFBTCATEGORY/>
       <TYPEOFTAXPAYMENT/>
       <VATCALCULATIONTYPE/>
       <VATWORKSCONTRACTTYPE/>
       <VATWCDESCRIPTION/>
       <GSTCLASS>&#4; Not Applicable</GSTCLASS>
       <SCHVIADJTYPE/>
       <GSTOVRDNCLASSIFICATION/>
       <GSTOVRDNNATURE/>
       <GSTOVRDNINELIGIBLEITC/>
       <GSTOVRDNISREVCHARGEAPPL/>
       <GSTOVRDNTAXABILITY/>
       <GSTHSNSACCODE/>
       <GSTSOURCETYPE/>
       <GSTITEMSOURCE/>
       <GSTLEDGERSOURCE/>
       <GSTGROUPSOURCE/>
       <GSTSTOCKGROUPSOURCE/>
       <HSNSOURCETYPE/>
       <HSNITEMSOURCE/>
       <HSNLEDGERSOURCE/>
       <HSNGROUPSOURCE/>
       <HSNSTOCKGROUPSOURCE/>
       <GSTOVRDNSTOREDNATURE/>
       <GSTOVRDNTYPEOFSUPPLY/>
       <GSTRATEINFERAPPLICABILITY/>
       <GSTOVRDNNATUREOFGOODS/>
       <GSTHSNNAME/>
       <GSTHSNDESCRIPTION/>
       <GSTHSNINFERAPPLICABILITY/>
       <HSNOVRDNCLASSIFICATION/>
       <STRDGSTFINALNATUREOFENTRY/>
       <STRDGSTDUTYHEAD/>
       <VATGOODSNATURE/>
       <GSTDEPGSTCLASSIFICATION/>
       <GSTDEPHSNCLASSIFICATION/>
       <POSPAYMENTTYPE/>
       <GSTPARTYLEDGER/>
       <ORIGPURCHPARTY/>
       <ORIGPURCHPARTYADDRESS/>
       <ORIGPURCHINVNO/>
       <ORIGPURCHNOTE/>
       <ISDEEMEDPOSITIVE>No</ISDEEMEDPOSITIVE>
       <LEDGERFROMITEM>No</LEDGERFROMITEM>
       <REMOVEZEROENTRIES/>
       <ISPARTYLEDGER>No</ISPARTYLEDGER>
       <GSTOVERRIDDEN>No</GSTOVERRIDDEN>
       <ISGSTASSESSABLEVALUEOVERRIDDEN>No</ISGSTASSESSABLEVALUEOVERRIDDEN>
       <STRDISGSTAPPLICABLE>No</STRDISGSTAPPLICABLE>
       <STRDGSTISPARTYLEDGER>No</STRDGSTISPARTYLEDGER>
       <STRDGSTISDUTYLEDGER>No</STRDGSTISDUTYLEDGER>
       <CONTENTNEGISPOS/>
       <ISLASTDEEMEDPOSITIVE>No</ISLASTDEEMEDPOSITIVE>
       <ISCAPVATTAXALTERED/>
       <ISCAPVATNOTCLAIMED>No</ISCAPVATNOTCLAIMED>
       <STCRADJPERCENT>0</STCRADJPERCENT>
       <ROUNDLIMIT>0</ROUNDLIMIT>
       <RATEOFADDLVAT>0</RATEOFADDLVAT>
       <RATEOFCESSONVAT>0</RATEOFCESSONVAT>
       <VATTAXRATE>0</VATTAXRATE>
       <VATITEMQTY>0</VATITEMQTY>
       <VATWCDEDUCTRATE>0</VATWCDEDUCTRATE>
       <PREVINVTOTALNUM>0</PREVINVTOTALNUM>
       <VATWCDEDUCTIONRATE>0</VATWCDEDUCTIONRATE>
       <GSTTAXRATE>0</GSTTAXRATE>
       <ORIGINVGOODSQTY>0</ORIGINVGOODSQTY>
       <CAPVATTAXRATE>0</CAPVATTAXRATE>
       <AMOUNT>750.00</AMOUNT>
       <CESSASSVALONCLASS/>
       <ADDNLVATCLASSAMT/>
       <EIDISCOUNTAMT/>
       <FBTEXEMPTAMOUNT/>
       <VATASSESSABLEVALUE/>
       <VATWCCOSTOFLAND/>
       <VATWCDEDLABOURCHARGES/>
       <VATWCOTHERDEDUCTIONAMT/>
       <VATWCVALUEOFTAXFREEGOODS/>
       <VATWCOTHERCHARGES/>
       <VATWCSUBCONTRACTORAMT/>
       <VATWCDEDUCTAMT/>
       <WCTOTALDEDUCTIONAMT/>
       <PREVAMOUNT/>
       <PREVINVTOTALAMT/>
       <VATWCDEDUCTIONAMOUNT/>
       <ORIGINVGOODSVALUE/>
       <CENVATCAPTINPUTAMT/>
       <GSTASSESSABLEVALUE/>
       <IGSTLIABILITY/>
       <CGSTLIABILITY/>
       <SGSTLIABILITY/>
       <GSTCESSLIABILITY/>
       <GSTOVRDNASSESSABLEVALUE/>
       <GSTASSBLVALUE/>
       <STRDCOMPUTEDASSESSABLEVALUE/>
       <STRDCOMPUTEDIGST/>
       <STRDCOMPUTEDCGST/>
       <STRDCOMPUTEDSGST/>
       <STRDCOMPUTEDCESS/>
       <STRDCOMPUTEDCESSONQTY/>
       <ORIGINVGOODSTAXVALUE/>
       <VATWCESTABLISHMENTCOST/>
       <VATWCCONTRACTORPROFIT/>
       <VATWCPLANNINGDESIGNFEES/>
       <VATWCMACHINERYTOOLSCHARGES/>
       <VATWCCONSUMABLESCOST/>
       <VATEXPAMOUNT/>
       <VATASSBLVALUE/>
       <VATACCEPTEDTAXAMT/>
       <VATACCEPTEDADDLTAXAMT/>
       <CASHRECEIVED/>
       <CAPVATASSEABLEVALUE/>
       <CAPVATTAXVALUE/>
       <ORIGPURCHVALUE/>
       <SUPPLYMARGVAL/>
       <STRDAPPRSTATECESSGST/>
       <STRDAPPROPRIATEDDISCOUNT/>
       <STRDEXCISETAX/>
       <SERVICETAXDETAILS.LIST>       </SERVICETAXDETAILS.LIST>
       <BANKALLOCATIONS.LIST>       </BANKALLOCATIONS.LIST>
       <BILLALLOCATIONS.LIST>       </BILLALLOCATIONS.LIST>
       <INTERESTCOLLECTION.LIST>       </INTERESTCOLLECTION.LIST>
       <OLDAUDITENTRIES.LIST>       </OLDAUDITENTRIES.LIST>
       <ACCOUNTAUDITENTRIES.LIST>       </ACCOUNTAUDITENTRIES.LIST>
       <AUDITENTRIES.LIST>       </AUDITENTRIES.LIST>
       <INPUTCRALLOCS.LIST>       </INPUTCRALLOCS.LIST>
       <DUTYHEADDETAILS.LIST>       </DUTYHEADDETAILS.LIST>
       <EXCISEDUTYHEADDETAILS.LIST>       </EXCISEDUTYHEADDETAILS.LIST>
       <RATEDETAILS.LIST>       </RATEDETAILS.LIST>
       <SUMMARYALLOCS.LIST>       </SUMMARYALLOCS.LIST>
       <CENVATDUTYALLOCATIONS.LIST>       </CENVATDUTYALLOCATIONS.LIST>
       <STPYMTDETAILS.LIST>       </STPYMTDETAILS.LIST>
       <EXCISEPAYMENTALLOCATIONS.LIST>       </EXCISEPAYMENTALLOCATIONS.LIST>
       <TAXBILLALLOCATIONS.LIST>       </TAXBILLALLOCATIONS.LIST>
       <TAXOBJECTALLOCATIONS.LIST>       </TAXOBJECTALLOCATIONS.LIST>
       <TDSEXPENSEALLOCATIONS.LIST>       </TDSEXPENSEALLOCATIONS.LIST>
       <VATSTATUTORYDETAILS.LIST>       </VATSTATUTORYDETAILS.LIST>
       <COSTTRACKALLOCATIONS.LIST>       </COSTTRACKALLOCATIONS.LIST>
       <REFVOUCHERDETAILS.LIST>       </REFVOUCHERDETAILS.LIST>
       <INVOICEWISEDETAILS.LIST>       </INVOICEWISEDETAILS.LIST>
       <VATITCDETAILS.LIST>       </VATITCDETAILS.LIST>
       <ADVANCETAXDETAILS.LIST>       </ADVANCETAXDETAILS.LIST>
       <TAXTYPEALLOCATIONS.LIST>       </TAXTYPEALLOCATIONS.LIST>
      </ACCOUNTINGALLOCATIONS.LIST>
      <DUTYHEADDETAILS.LIST>      </DUTYHEADDETAILS.LIST>
      <RATEDETAILS.LIST>
       <GSTRATEDUTYHEAD>CGST</GSTRATEDUTYHEAD>
       <GSTRATEVALUATIONTYPE>Based on Value</GSTRATEVALUATIONTYPE>
       <GSTRATE> 9</GSTRATE>
       <GSTRATEPERUNIT>0</GSTRATEPERUNIT>
      </RATEDETAILS.LIST>
      <RATEDETAILS.LIST>
       <GSTRATEDUTYHEAD>SGST/UTGST</GSTRATEDUTYHEAD>
       <GSTRATEVALUATIONTYPE>Based on Value</GSTRATEVALUATIONTYPE>
       <GSTRATE> 9</GSTRATE>
       <GSTRATEPERUNIT>0</GSTRATEPERUNIT>
      </RATEDETAILS.LIST>
      <RATEDETAILS.LIST>
       <GSTRATEDUTYHEAD>IGST</GSTRATEDUTYHEAD>
       <GSTRATEVALUATIONTYPE>Based on Value</GSTRATEVALUATIONTYPE>
       <GSTRATE> 18</GSTRATE>
       <GSTRATEPERUNIT>0</GSTRATEPERUNIT>
      </RATEDETAILS.LIST>
      <RATEDETAILS.LIST>
       <GSTRATEDUTYHEAD>Cess</GSTRATEDUTYHEAD>
       <GSTRATEVALUATIONTYPE>&#4; Not Applicable</GSTRATEVALUATIONTYPE>
       <GSTRATE>0</GSTRATE>
       <GSTRATEPERUNIT>0</GSTRATEPERUNIT>
      </RATEDETAILS.LIST>
      <RATEDETAILS.LIST>
       <GSTRATEDUTYHEAD>State Cess</GSTRATEDUTYHEAD>
       <GSTRATEVALUATIONTYPE>Based on Value</GSTRATEVALUATIONTYPE>
       <GSTRATE>0</GSTRATE>
       <GSTRATEPERUNIT>0</GSTRATEPERUNIT>
      </RATEDETAILS.LIST>
      <SUPPLEMENTARYDUTYHEADDETAILS.LIST>      </SUPPLEMENTARYDUTYHEADDETAILS.LIST>
      <TAXOBJECTALLOCATIONS.LIST>      </TAXOBJECTALLOCATIONS.LIST>
      <REFVOUCHERDETAILS.LIST>      </REFVOUCHERDETAILS.LIST>
      <EXCISEALLOCATIONS.LIST>      </EXCISEALLOCATIONS.LIST>
      <EXPENSEALLOCATIONS.LIST>      </EXPENSEALLOCATIONS.LIST>
     </ALLINVENTORYENTRIES.LIST>
     <LEDGERENTRIES.LIST>
      <LEDGERNAME TYPE="String">Rahul Trading</LEDGERNAME>
      <ISDEEMEDPOSITIVE TYPE="Logical">Yes</ISDEEMEDPOSITIVE>
      <ISLASTDEEMEDPOSITIVE TYPE="Logical">Yes</ISLASTDEEMEDPOSITIVE>
      <AMOUNT TYPE="Amount">-885.00</AMOUNT>
      <BILLALLOCATIONS.LIST>
       <AMOUNT TYPE="Amount">-885.00</AMOUNT>
      </BILLALLOCATIONS.LIST>
      <COSTTRACKALLOCATIONS.LIST>      </COSTTRACKALLOCATIONS.LIST>
     </LEDGERENTRIES.LIST>
     <LEDGERENTRIES.LIST>
      <LEDGERNAME TYPE="String">IGST 18%</LEDGERNAME>
      <ISDEEMEDPOSITIVE TYPE="Logical">No</ISDEEMEDPOSITIVE>
      <ISLASTDEEMEDPOSITIVE TYPE="Logical">No</ISLASTDEEMEDPOSITIVE>
      <AMOUNT TYPE="Amount">135.00</AMOUNT>
      <BILLALLOCATIONS.LIST>      </BILLALLOCATIONS.LIST>
      <COSTTRACKALLOCATIONS.LIST>      </COSTTRACKALLOCATIONS.LIST>
     </LEDGERENTRIES.LIST>
     <ALLLEDGERENTRIES.LIST>
      <OLDAUDITENTRYIDS.LIST TYPE="Number">
       <OLDAUDITENTRYIDS>-1</OLDAUDITENTRYIDS>
      </OLDAUDITENTRYIDS.LIST>
      <ORIGPURCHINVDATE/>
      <NARRATION/>
      <ADDLALLOCTYPE/>
      <TAXCLASSIFICATIONNAME/>
      <APPROPRIATEFOR/>
      <GSTDUTYHEAD/>
      <GSTAPPROPRIATETO/>
      <NOTIFICATIONSLNO/>
      <EXCISEALLOCTYPE/>
      <SWIFTCODE/>
      <ROUNDTYPE/>
      <LEDGERNAME>Rahul Trading</LEDGERNAME>
      <TAXUNITNAME/>
      <STATNATURENAME/>
      <GOODSTYPE/>
      <VATTRADENAME/>
      <METHODTYPE/>
      <CLASSRATE/>
      <STATCLASSIFICATIONNAME/>
      <EXCISECLASSIFICATIONNAME/>
      <ISZRBASICSERVICE/>
      <VATCOMMODITYNAME/>
      <SCHEDULE/>
      <SCHEDULESERIALNUMBER/>
      <VATCOMMODITYCODE/>
      <VATSUBCOMMODITYCODE/>
      <VATMAJORCOMMODITYNAME/>
      <STRDGSTDERIVEDLOCATIONTYPE/>
      <STRDGSTDERIVEDTAXABILITY/>
      <STRDGSTDERIVEDNATURETYPE/>
      <STRDGSTDERIVEDSUPPLYTYPE/>
      <TDSPARTYNAME/>
      <VATPARTYORGNAME/>
      <XBRLADJTYPE/>
      <VOUCHERFBTCATEGORY/>
      <TYPEOFTAXPAYMENT/>
      <VATCALCULATIONTYPE/>
      <VATWORKSCONTRACTTYPE/>
      <VATWCDESCRIPTION/>
      <GSTCLASS>&#4; Not Applicable</GSTCLASS>
      <SCHVIADJTYPE/>
      <GSTOVRDNCLASSIFICATION/>
      <GSTOVRDNNATURE/>
      <GSTOVRDNINELIGIBLEITC/>
      <GSTOVRDNISREVCHARGEAPPL/>
      <GSTOVRDNTAXABILITY/>
      <GSTHSNSACCODE/>
      <GSTSOURCETYPE/>
      <GSTITEMSOURCE/>
      <GSTLEDGERSOURCE/>
      <GSTGROUPSOURCE/>
      <GSTSTOCKGROUPSOURCE/>
      <HSNSOURCETYPE/>
      <HSNITEMSOURCE/>
      <HSNLEDGERSOURCE/>
      <HSNGROUPSOURCE/>
      <HSNSTOCKGROUPSOURCE/>
      <GSTOVRDNSTOREDNATURE/>
      <GSTOVRDNTYPEOFSUPPLY/>
      <GSTRATEINFERAPPLICABILITY/>
      <GSTOVRDNNATUREOFGOODS/>
      <GSTHSNNAME/>
      <GSTHSNDESCRIPTION/>
      <GSTHSNINFERAPPLICABILITY/>
      <HSNOVRDNCLASSIFICATION/>
      <STRDGSTFINALNATUREOFENTRY/>
      <STRDGSTDUTYHEAD/>
      <VATGOODSNATURE/>
      <GSTDEPGSTCLASSIFICATION/>
      <GSTDEPHSNCLASSIFICATION/>
      <POSPAYMENTTYPE/>
      <GSTPARTYLEDGER/>
      <ORIGPURCHPARTY/>
      <ORIGPURCHPARTYADDRESS/>
      <ORIGPURCHINVNO/>
      <ORIGPURCHNOTE/>
      <ISDEEMEDPOSITIVE>Yes</ISDEEMEDPOSITIVE>
      <LEDGERFROMITEM>No</LEDGERFROMITEM>
      <REMOVEZEROENTRIES/>
      <ISPARTYLEDGER>Yes</ISPARTYLEDGER>
      <GSTOVERRIDDEN>No</GSTOVERRIDDEN>
      <ISGSTASSESSABLEVALUEOVERRIDDEN>No</ISGSTASSESSABLEVALUEOVERRIDDEN>
      <STRDISGSTAPPLICABLE>No</STRDISGSTAPPLICABLE>
      <STRDGSTISPARTYLEDGER>No</STRDGSTISPARTYLEDGER>
      <STRDGSTISDUTYLEDGER>No</STRDGSTISDUTYLEDGER>
      <CONTENTNEGISPOS/>
      <ISLASTDEEMEDPOSITIVE>Yes</ISLASTDEEMEDPOSITIVE>
      <ISCAPVATTAXALTERED/>
      <ISCAPVATNOTCLAIMED>No</ISCAPVATNOTCLAIMED>
      <STCRADJPERCENT>0</STCRADJPERCENT>
      <ROUNDLIMIT>0</ROUNDLIMIT>
      <RATEOFADDLVAT>0</RATEOFADDLVAT>
      <RATEOFCESSONVAT>0</RATEOFCESSONVAT>
      <VATTAXRATE>0</VATTAXRATE>
      <VATITEMQTY>0</VATITEMQTY>
      <VATWCDEDUCTRATE>0</VATWCDEDUCTRATE>
      <PREVINVTOTALNUM>0</PREVINVTOTALNUM>
      <VATWCDEDUCTIONRATE>0</VATWCDEDUCTIONRATE>
      <GSTTAXRATE>0</GSTTAXRATE>
      <ORIGINVGOODSQTY>0</ORIGINVGOODSQTY>
      <CAPVATTAXRATE>0</CAPVATTAXRATE>
      <AMOUNT>-885.00</AMOUNT>
      <CESSASSVALONCLASS/>
      <ADDNLVATCLASSAMT/>
      <EIDISCOUNTAMT/>
      <FBTEXEMPTAMOUNT/>
      <VATASSESSABLEVALUE/>
      <VATWCCOSTOFLAND/>
      <VATWCDEDLABOURCHARGES/>
      <VATWCOTHERDEDUCTIONAMT/>
      <VATWCVALUEOFTAXFREEGOODS/>
      <VATWCOTHERCHARGES/>
      <VATWCSUBCONTRACTORAMT/>
      <VATWCDEDUCTAMT/>
      <WCTOTALDEDUCTIONAMT/>
      <PREVAMOUNT/>
      <PREVINVTOTALAMT/>
      <VATWCDEDUCTIONAMOUNT/>
      <ORIGINVGOODSVALUE/>
      <CENVATCAPTINPUTAMT/>
      <GSTASSESSABLEVALUE/>
      <IGSTLIABILITY/>
      <CGSTLIABILITY/>
      <SGSTLIABILITY/>
      <GSTCESSLIABILITY/>
      <GSTOVRDNASSESSABLEVALUE/>
      <GSTASSBLVALUE/>
      <STRDCOMPUTEDASSESSABLEVALUE/>
      <STRDCOMPUTEDIGST/>
      <STRDCOMPUTEDCGST/>
      <STRDCOMPUTEDSGST/>
      <STRDCOMPUTEDCESS/>
      <STRDCOMPUTEDCESSONQTY/>
      <ORIGINVGOODSTAXVALUE/>
      <VATWCESTABLISHMENTCOST/>
      <VATWCCONTRACTORPROFIT/>
      <VATWCPLANNINGDESIGNFEES/>
      <VATWCMACHINERYTOOLSCHARGES/>
      <VATWCCONSUMABLESCOST/>
      <VATEXPAMOUNT/>
      <VATASSBLVALUE/>
      <VATACCEPTEDTAXAMT/>
      <VATACCEPTEDADDLTAXAMT/>
      <CASHRECEIVED/>
      <CAPVATASSEABLEVALUE/>
      <CAPVATTAXVALUE/>
      <ORIGPURCHVALUE/>
      <SUPPLYMARGVAL/>
      <STRDAPPRSTATECESSGST/>
      <STRDAPPROPRIATEDDISCOUNT/>
      <STRDEXCISETAX/>
      <SERVICETAXDETAILS.LIST>      </SERVICETAXDETAILS.LIST>
      <BANKALLOCATIONS.LIST>      </BANKALLOCATIONS.LIST>
      <BILLALLOCATIONS.LIST>
       <BILLDATE TYPE="Date">20260501</BILLDATE>
       <YEAREND/>
       <BILLCREATIONDATE TYPE="Date">20260501</BILLCREATIONDATE>
       <NAME>2</NAME>
       <BILLCREDITPERIOD JD="46142" P="15 Days">15 Days</BILLCREDITPERIOD>
       <TDSDEDUCTEESECTIONNUMBER/>
       <TDSLEDGERNC/>
       <SERVICETAXLEDGER/>
       <BILLTYPE>New Ref</BILLTYPE>
       <SUMNAME/>
       <TDSDEDUCTEEISSPECIALRATE>No</TDSDEDUCTEEISSPECIALRATE>
       <TDSDEDUCTEESPECIALRATE>0</TDSDEDUCTEESPECIALRATE>
       <BILLID TYPE="Number"> 5</BILLID>
       <AMOUNT>-885.00</AMOUNT>
       <INTERESTCOLLECTION.LIST>       </INTERESTCOLLECTION.LIST>
       <STBILLCATEGORIES.LIST>       </STBILLCATEGORIES.LIST>
      </BILLALLOCATIONS.LIST>
      <INTERESTCOLLECTION.LIST>      </INTERESTCOLLECTION.LIST>
      <OLDAUDITENTRIES.LIST>      </OLDAUDITENTRIES.LIST>
      <ACCOUNTAUDITENTRIES.LIST>      </ACCOUNTAUDITENTRIES.LIST>
      <AUDITENTRIES.LIST>      </AUDITENTRIES.LIST>
      <INPUTCRALLOCS.LIST>      </INPUTCRALLOCS.LIST>
      <DUTYHEADDETAILS.LIST>      </DUTYHEADDETAILS.LIST>
      <EXCISEDUTYHEADDETAILS.LIST>      </EXCISEDUTYHEADDETAILS.LIST>
      <RATEDETAILS.LIST>      </RATEDETAILS.LIST>
      <SUMMARYALLOCS.LIST>      </SUMMARYALLOCS.LIST>
      <CENVATDUTYALLOCATIONS.LIST>      </CENVATDUTYALLOCATIONS.LIST>
      <STPYMTDETAILS.LIST>      </STPYMTDETAILS.LIST>
      <EXCISEPAYMENTALLOCATIONS.LIST>      </EXCISEPAYMENTALLOCATIONS.LIST>
      <TAXBILLALLOCATIONS.LIST>      </TAXBILLALLOCATIONS.LIST>
      <TAXOBJECTALLOCATIONS.LIST>      </TAXOBJECTALLOCATIONS.LIST>
      <TDSEXPENSEALLOCATIONS.LIST>      </TDSEXPENSEALLOCATIONS.LIST>
      <VATSTATUTORYDETAILS.LIST>      </VATSTATUTORYDETAILS.LIST>
      <COSTTRACKALLOCATIONS.LIST>      </COSTTRACKALLOCATIONS.LIST>
      <REFVOUCHERDETAILS.LIST>      </REFVOUCHERDETAILS.LIST>
      <INVOICEWISEDETAILS.LIST>      </INVOICEWISEDETAILS.LIST>
      <VATITCDETAILS.LIST>      </VATITCDETAILS.LIST>
      <ADVANCETAXDETAILS.LIST>      </ADVANCETAXDETAILS.LIST>
      <TAXTYPEALLOCATIONS.LIST>      </TAXTYPEALLOCATIONS.LIST>
     </ALLLEDGERENTRIES.LIST>
     <ALLLEDGERENTRIES.LIST>
      <OLDAUDITENTRYIDS.LIST TYPE="Number">
       <OLDAUDITENTRYIDS>-1</OLDAUDITENTRYIDS>
      </OLDAUDITENTRYIDS.LIST>
      <ORIGPURCHINVDATE/>
      <NARRATION/>
      <ADDLALLOCTYPE/>
      <TAXCLASSIFICATIONNAME/>
      <APPROPRIATEFOR/>
      <GSTDUTYHEAD/>
      <GSTAPPROPRIATETO/>
      <NOTIFICATIONSLNO/>
      <EXCISEALLOCTYPE/>
      <SWIFTCODE/>
      <ROUNDTYPE/>
      <LEDGERNAME>IGST Sale 18%</LEDGERNAME>
      <TAXUNITNAME/>
      <STATNATURENAME/>
      <GOODSTYPE/>
      <VATTRADENAME/>
      <METHODTYPE/>
      <CLASSRATE/>
      <STATCLASSIFICATIONNAME/>
      <EXCISECLASSIFICATIONNAME/>
      <ISZRBASICSERVICE/>
      <VATCOMMODITYNAME/>
      <SCHEDULE/>
      <SCHEDULESERIALNUMBER/>
      <VATCOMMODITYCODE/>
      <VATSUBCOMMODITYCODE/>
      <VATMAJORCOMMODITYNAME/>
      <STRDGSTDERIVEDLOCATIONTYPE/>
      <STRDGSTDERIVEDTAXABILITY/>
      <STRDGSTDERIVEDNATURETYPE/>
      <STRDGSTDERIVEDSUPPLYTYPE/>
      <TDSPARTYNAME/>
      <VATPARTYORGNAME/>
      <XBRLADJTYPE/>
      <VOUCHERFBTCATEGORY/>
      <TYPEOFTAXPAYMENT/>
      <VATCALCULATIONTYPE/>
      <VATWORKSCONTRACTTYPE/>
      <VATWCDESCRIPTION/>
      <GSTCLASS>&#4; Not Applicable</GSTCLASS>
      <SCHVIADJTYPE/>
      <GSTOVRDNCLASSIFICATION/>
      <GSTOVRDNNATURE/>
      <GSTOVRDNINELIGIBLEITC/>
      <GSTOVRDNISREVCHARGEAPPL/>
      <GSTOVRDNTAXABILITY/>
      <GSTHSNSACCODE/>
      <GSTSOURCETYPE/>
      <GSTITEMSOURCE/>
      <GSTLEDGERSOURCE/>
      <GSTGROUPSOURCE/>
      <GSTSTOCKGROUPSOURCE/>
      <HSNSOURCETYPE/>
      <HSNITEMSOURCE/>
      <HSNLEDGERSOURCE/>
      <HSNGROUPSOURCE/>
      <HSNSTOCKGROUPSOURCE/>
      <GSTOVRDNSTOREDNATURE/>
      <GSTOVRDNTYPEOFSUPPLY/>
      <GSTRATEINFERAPPLICABILITY/>
      <GSTOVRDNNATUREOFGOODS/>
      <GSTHSNNAME/>
      <GSTHSNDESCRIPTION/>
      <GSTHSNINFERAPPLICABILITY/>
      <HSNOVRDNCLASSIFICATION/>
      <STRDGSTFINALNATUREOFENTRY/>
      <STRDGSTDUTYHEAD/>
      <VATGOODSNATURE/>
      <GSTDEPGSTCLASSIFICATION/>
      <GSTDEPHSNCLASSIFICATION/>
      <POSPAYMENTTYPE/>
      <GSTPARTYLEDGER/>
      <ORIGPURCHPARTY/>
      <ORIGPURCHPARTYADDRESS/>
      <ORIGPURCHINVNO/>
      <ORIGPURCHNOTE/>
      <ISDEEMEDPOSITIVE>No</ISDEEMEDPOSITIVE>
      <LEDGERFROMITEM>No</LEDGERFROMITEM>
      <REMOVEZEROENTRIES/>
      <ISPARTYLEDGER>No</ISPARTYLEDGER>
      <GSTOVERRIDDEN>No</GSTOVERRIDDEN>
      <ISGSTASSESSABLEVALUEOVERRIDDEN>No</ISGSTASSESSABLEVALUEOVERRIDDEN>
      <STRDISGSTAPPLICABLE>No</STRDISGSTAPPLICABLE>
      <STRDGSTISPARTYLEDGER>No</STRDGSTISPARTYLEDGER>
      <STRDGSTISDUTYLEDGER>No</STRDGSTISDUTYLEDGER>
      <CONTENTNEGISPOS/>
      <ISLASTDEEMEDPOSITIVE>No</ISLASTDEEMEDPOSITIVE>
      <ISCAPVATTAXALTERED/>
      <ISCAPVATNOTCLAIMED>No</ISCAPVATNOTCLAIMED>
      <STCRADJPERCENT>0</STCRADJPERCENT>
      <ROUNDLIMIT>0</ROUNDLIMIT>
      <RATEOFADDLVAT>0</RATEOFADDLVAT>
      <RATEOFCESSONVAT>0</RATEOFCESSONVAT>
      <VATTAXRATE>0</VATTAXRATE>
      <VATITEMQTY>0</VATITEMQTY>
      <VATWCDEDUCTRATE>0</VATWCDEDUCTRATE>
      <PREVINVTOTALNUM>0</PREVINVTOTALNUM>
      <VATWCDEDUCTIONRATE>0</VATWCDEDUCTIONRATE>
      <GSTTAXRATE>0</GSTTAXRATE>
      <ORIGINVGOODSQTY>0</ORIGINVGOODSQTY>
      <CAPVATTAXRATE>0</CAPVATTAXRATE>
      <AMOUNT>750.00</AMOUNT>
      <CESSASSVALONCLASS/>
      <ADDNLVATCLASSAMT/>
      <EIDISCOUNTAMT/>
      <FBTEXEMPTAMOUNT/>
      <VATASSESSABLEVALUE/>
      <VATWCCOSTOFLAND/>
      <VATWCDEDLABOURCHARGES/>
      <VATWCOTHERDEDUCTIONAMT/>
      <VATWCVALUEOFTAXFREEGOODS/>
      <VATWCOTHERCHARGES/>
      <VATWCSUBCONTRACTORAMT/>
      <VATWCDEDUCTAMT/>
      <WCTOTALDEDUCTIONAMT/>
      <PREVAMOUNT/>
      <PREVINVTOTALAMT/>
      <VATWCDEDUCTIONAMOUNT/>
      <ORIGINVGOODSVALUE/>
      <CENVATCAPTINPUTAMT/>
      <GSTASSESSABLEVALUE/>
      <IGSTLIABILITY/>
      <CGSTLIABILITY/>
      <SGSTLIABILITY/>
      <GSTCESSLIABILITY/>
      <GSTOVRDNASSESSABLEVALUE/>
      <GSTASSBLVALUE/>
      <STRDCOMPUTEDASSESSABLEVALUE/>
      <STRDCOMPUTEDIGST/>
      <STRDCOMPUTEDCGST/>
      <STRDCOMPUTEDSGST/>
      <STRDCOMPUTEDCESS/>
      <STRDCOMPUTEDCESSONQTY/>
      <ORIGINVGOODSTAXVALUE/>
      <VATWCESTABLISHMENTCOST/>
      <VATWCCONTRACTORPROFIT/>
      <VATWCPLANNINGDESIGNFEES/>
      <VATWCMACHINERYTOOLSCHARGES/>
      <VATWCCONSUMABLESCOST/>
      <VATEXPAMOUNT/>
      <VATASSBLVALUE/>
      <VATACCEPTEDTAXAMT/>
      <VATACCEPTEDADDLTAXAMT/>
      <CASHRECEIVED/>
      <CAPVATASSEABLEVALUE/>
      <CAPVATTAXVALUE/>
      <ORIGPURCHVALUE/>
      <SUPPLYMARGVAL/>
      <STRDAPPRSTATECESSGST/>
      <STRDAPPROPRIATEDDISCOUNT/>
      <STRDEXCISETAX/>
      <SERVICETAXDETAILS.LIST>      </SERVICETAXDETAILS.LIST>
      <BANKALLOCATIONS.LIST>      </BANKALLOCATIONS.LIST>
      <BILLALLOCATIONS.LIST>      </BILLALLOCATIONS.LIST>
      <INTERESTCOLLECTION.LIST>      </INTERESTCOLLECTION.LIST>
      <OLDAUDITENTRIES.LIST>      </OLDAUDITENTRIES.LIST>
      <ACCOUNTAUDITENTRIES.LIST>      </ACCOUNTAUDITENTRIES.LIST>
      <AUDITENTRIES.LIST>      </AUDITENTRIES.LIST>
      <INPUTCRALLOCS.LIST>      </INPUTCRALLOCS.LIST>
      <INVENTORYALLOCATIONS.LIST>
       <ORIGINVOICEDATE/>
       <ORIGSALESINVDATE/>
       <DESCRIPTION/>
       <STOCKITEMNAME>3/4 CPVC Elbow</STOCKITEMNAME>
       <STATNATURENAME/>
       <EXCISECLASSIFICATIONNAME/>
       <ISZRBASICSERVICE/>
       <STRDGSTDERIVEDLOCATIONTYPE/>
       <STRDGSTDERIVEDTAXABILITY/>
       <STRDGSTDERIVEDNATURETYPE/>
       <STRDGSTDERIVEDSUPPLYTYPE/>
       <GSTOVRDNCLASSIFICATION/>
       <GSTOVRDNNATURE/>
       <GSTOVRDNINELIGIBLEITC/>
       <GSTOVRDNISREVCHARGEAPPL>&#4; Not Applicable</GSTOVRDNISREVCHARGEAPPL>
       <GSTOVRDNTAXABILITY>Taxable</GSTOVRDNTAXABILITY>
       <GSTSOURCETYPE>Stock Item</GSTSOURCETYPE>
       <GSTITEMSOURCE>3/4 CPVC Elbow</GSTITEMSOURCE>
       <GSTLEDGERSOURCE/>
       <GSTGROUPSOURCE/>
       <GSTSTOCKGROUPSOURCE/>
       <HSNSOURCETYPE>Stock Item</HSNSOURCETYPE>
       <HSNITEMSOURCE>3/4 CPVC Elbow</HSNITEMSOURCE>
       <HSNLEDGERSOURCE/>
       <HSNGROUPSOURCE/>
       <HSNSTOCKGROUPSOURCE/>
       <GSTOVRDNSTOREDNATURE>&#4; System Inferred</GSTOVRDNSTOREDNATURE>
       <GSTOVRDNTYPEOFSUPPLY>Goods</GSTOVRDNTYPEOFSUPPLY>
       <GSTRATEINFERAPPLICABILITY>As per Masters/Company</GSTRATEINFERAPPLICABILITY>
       <GSTOVRDNNATUREOFGOODS/>
       <GSTHSNNAME>3918</GSTHSNNAME>
       <GSTHSNDESCRIPTION/>
       <GSTHSNINFERAPPLICABILITY>As per Masters/Company</GSTHSNINFERAPPLICABILITY>
       <HSNOVRDNCLASSIFICATION/>
       <STRDGSTFINALNATUREOFENTRY/>
       <GSTDEPGSTCLASSIFICATION/>
       <GSTDEPHSNCLASSIFICATION/>
       <EXCISETARIFF/>
       <EXCISEEXEMPTION/>
       <TRADERCNSALESNUMBER/>
       <BASICPACKAGEMARKS/>
       <BASICNUMPACKAGES/>
       <SDTAXCLASSIFICATIONNAME/>
       <NATUREOFCOMPONENT/>
       <COMPONENTLISTTYPE/>
       <DISPLAYNATUREOFCOMPONENT/>
       <BOMNAME/>
       <ORIGINVOICENUMBER/>
       <ORIGINVOICEBOOKNAME/>
       <ORIGSALESINVNO/>
       <EXCISERETURNINVOICENO/>
       <REASONOFREJECTION/>
       <EXCISECREDITPARTY/>
       <EXCISECREDITSTKITEM/>
       <EXCISECREDITCATEGORY/>
       <TRADERSUPPLIERINVOICENO/>
       <EXCISESALESINVOICENO/>
       <GSTITEMUQC/>
       <GSTITEMUQCUOM/>
       <ADDLAMOUNT/>
       <ISDEEMEDPOSITIVE>No</ISDEEMEDPOSITIVE>
       <ISGSTASSESSABLEVALUEOVERRIDDEN/>
       <STRDISGSTAPPLICABLE/>
       <CONTENTNEGISPOS/>
       <ISLASTDEEMEDPOSITIVE>No</ISLASTDEEMEDPOSITIVE>
       <ISAUTONEGATE>No</ISAUTONEGATE>
       <ISCUSTOMSCLEARANCE/>
       <ISTRACKCOMPONENT/>
       <ISTRACKPRODUCTION/>
       <ISPRIMARYITEM/>
       <ISSCRAP>No</ISSCRAP>
       <RATE>15.00/Nos</RATE>
       <DISCOUNT>0</DISCOUNT>
       <VATTAXRATE>0</VATTAXRATE>
       <ORIGINVGOODSQTY>0</ORIGINVGOODSQTY>
       <EXCISEMRPABATEMENT>0</EXCISEMRPABATEMENT>
       <ADDLCOSTPERC>0</ADDLCOSTPERC>
       <REVISEDRATEOFDUTY>0</REVISEDRATEOFDUTY>
       <ORIGRATEOFDUTY>0</ORIGRATEOFDUTY>
       <ORIGMRPABATEMENT>0</ORIGMRPABATEMENT>
       <EXCISERETURNDUTYRATE>0</EXCISERETURNDUTYRATE>
       <GVATEXCISERATE>0</GVATEXCISERATE>
       <AMOUNT>750.00</AMOUNT>
       <EXCISEASSESSABLEVALUE/>
       <CESSASSVALONCLASS/>
       <EIDISCOUNTAMT/>
       <VATASSESSABLEVALUE/>
       <VATWCDEDUCTAMT/>
       <WCTOTALDEDUCTIONAMT/>
       <ORIGINVGOODSVALUE/>
       <GSTOVRDNASSESSABLEVALUE/>
       <GSTASSBLVALUE/>
       <STRDCOMPUTEDASSESSABLEVALUE/>
       <STRDCOMPUTEDIGST/>
       <STRDCOMPUTEDCGST/>
       <STRDCOMPUTEDSGST/>
       <STRDCOMPUTEDCESS/>
       <STRDCOMPUTEDCESSONQTY/>
       <ORIGINVGOODSTAXVALUE/>
       <VATASSBLVALUE/>
       <VATACCEPTEDTAXAMT/>
       <VATACCEPTEDADDLTAXAMT/>
       <STRDAPPRSTATECESSGST/>
       <STRDAPPROPRIATEDDISCOUNT/>
       <STRDEXCISETAX/>
       <VATINPUTTAXCREDIT/>
       <VATELIGIBLECREDIT/>
       <GVATEXCISEAMT/>
       <ACTUALQTY> 50 Nos</ACTUALQTY>
       <BILLEDQTY> 50 Nos</BILLEDQTY>
       <ORIGACTUALQTY/>
       <ORIGBILLEDQTY/>
       <EXCISERETURNINVOICEQTY/>
       <USABLEQTY/>
       <EXCISECREDITPENDINGQTY/>
       <MRPRATE/>
       <EXCISEMRPRATE/>
       <ORIGRATE/>
       <REVISEDRATE/>
       <ESCALATIONRATE/>
       <ORIGMRPRATE/>
       <ORIGRATEOFQTY/>
       <REVISEDRATEOFQTY/>
       <INCLVATRATE/>
       <BATCHALLOCATIONS.LIST>
        <MFDON/>
        <ORDERYEAREND/>
        <TRACKINGYEAREND/>
        <ORDERPRECLOSUREDATE/>
        <NARRATION/>
        <GODOWNNAME>Main Location</GODOWNNAME>
        <BATCHNAME>Primary Batch</BATCHNAME>
        <DESTINATIONGODOWNNAME>Main Location</DESTINATIONGODOWNNAME>
        <INDENTNO>&#4; Not Applicable</INDENTNO>
        <ORDERTYPE/>
        <PARENTITEM/>
        <ORDERCLOSUREREASON/>
        <ORDERNO>&#4; Not Applicable</ORDERNO>
        <TRACKINGNUMBER>&#4; Not Applicable</TRACKINGNUMBER>
        <DYNAMICCSTNO/>
        <DYNAMICCSTPARENTITEM/>
        <SUMDYNAMICCSTNO/>
        <SUMBATCHNAME/>
        <SUMTRACKINGNUMBER/>
        <SUMORDERNO/>
        <SUMINDENTNO/>
        <ADDLAMOUNT/>
        <DYNAMICCSTISCLEARED>No</DYNAMICCSTISCLEARED>
        <BATCHID TYPE="Number"> 2</BATCHID>
        <BATCHDISCOUNT TYPE="Number">0</BATCHDISCOUNT>
        <AMOUNT>750.00</AMOUNT>
        <ADDLEXPENSEAMOUNT/>
        <BATCHDIFFVAL/>
        <ACTUALQTY> 50 Nos</ACTUALQTY>
        <BILLEDQTY> 50 Nos</BILLEDQTY>
        <ORDERPRECLOSUREQTY/>
        <ORIGACTUALQTY/>
        <ORIGBILLEDQTY/>
        <BATCHPHYSDIFF/>
        <ORIGRATE/>
        <REVISEDRATE/>
        <ESCALATIONRATE/>
        <INCLVATRATE/>
        <BATCHRATE TYPE="Rate">15.00/Nos</BATCHRATE>
        <EXPIRYPERIOD/>
        <INDENTDUEDATE/>
        <ORDERDUEDATE/>
        <ADDITIONALDETAILS.LIST>        </ADDITIONALDETAILS.LIST>
        <VOUCHERCOMPONENTLIST.LIST>        </VOUCHERCOMPONENTLIST.LIST>
       </BATCHALLOCATIONS.LIST>
       <DUTYHEADDETAILS.LIST>       </DUTYHEADDETAILS.LIST>
       <RATEDETAILS.LIST>
        <GSTRATEDUTYHEAD>CGST</GSTRATEDUTYHEAD>
        <GSTRATEVALUATIONTYPE>Based on Value</GSTRATEVALUATIONTYPE>
        <GSTRATE> 9</GSTRATE>
        <GSTRATEPERUNIT>0</GSTRATEPERUNIT>
       </RATEDETAILS.LIST>
       <RATEDETAILS.LIST>
        <GSTRATEDUTYHEAD>SGST/UTGST</GSTRATEDUTYHEAD>
        <GSTRATEVALUATIONTYPE>Based on Value</GSTRATEVALUATIONTYPE>
        <GSTRATE> 9</GSTRATE>
        <GSTRATEPERUNIT>0</GSTRATEPERUNIT>
       </RATEDETAILS.LIST>
       <RATEDETAILS.LIST>
        <GSTRATEDUTYHEAD>IGST</GSTRATEDUTYHEAD>
        <GSTRATEVALUATIONTYPE>Based on Value</GSTRATEVALUATIONTYPE>
        <GSTRATE> 18</GSTRATE>
        <GSTRATEPERUNIT>0</GSTRATEPERUNIT>
       </RATEDETAILS.LIST>
       <RATEDETAILS.LIST>
        <GSTRATEDUTYHEAD>Cess</GSTRATEDUTYHEAD>
        <GSTRATEVALUATIONTYPE>&#4; Not Applicable</GSTRATEVALUATIONTYPE>
        <GSTRATE>0</GSTRATE>
        <GSTRATEPERUNIT>0</GSTRATEPERUNIT>
       </RATEDETAILS.LIST>
       <RATEDETAILS.LIST>
        <GSTRATEDUTYHEAD>State Cess</GSTRATEDUTYHEAD>
        <GSTRATEVALUATIONTYPE>Based on Value</GSTRATEVALUATIONTYPE>
        <GSTRATE>0</GSTRATE>
        <GSTRATEPERUNIT>0</GSTRATEPERUNIT>
       </RATEDETAILS.LIST>
       <SUPPLEMENTARYDUTYHEADDETAILS.LIST>       </SUPPLEMENTARYDUTYHEADDETAILS.LIST>
       <TAXOBJECTALLOCATIONS.LIST>       </TAXOBJECTALLOCATIONS.LIST>
       <COSTTRACKALLOCATIONS.LIST>       </COSTTRACKALLOCATIONS.LIST>
       <REFVOUCHERDETAILS.LIST>       </REFVOUCHERDETAILS.LIST>
       <EXCISEALLOCATIONS.LIST>       </EXCISEALLOCATIONS.LIST>
       <EXPENSEALLOCATIONS.LIST>       </EXPENSEALLOCATIONS.LIST>
      </INVENTORYALLOCATIONS.LIST>
      <DUTYHEADDETAILS.LIST>      </DUTYHEADDETAILS.LIST>
      <EXCISEDUTYHEADDETAILS.LIST>      </EXCISEDUTYHEADDETAILS.LIST>
      <RATEDETAILS.LIST>      </RATEDETAILS.LIST>
      <SUMMARYALLOCS.LIST>      </SUMMARYALLOCS.LIST>
      <CENVATDUTYALLOCATIONS.LIST>      </CENVATDUTYALLOCATIONS.LIST>
      <STPYMTDETAILS.LIST>      </STPYMTDETAILS.LIST>
      <EXCISEPAYMENTALLOCATIONS.LIST>      </EXCISEPAYMENTALLOCATIONS.LIST>
      <TAXBILLALLOCATIONS.LIST>      </TAXBILLALLOCATIONS.LIST>
      <TAXOBJECTALLOCATIONS.LIST>      </TAXOBJECTALLOCATIONS.LIST>
      <TDSEXPENSEALLOCATIONS.LIST>      </TDSEXPENSEALLOCATIONS.LIST>
      <VATSTATUTORYDETAILS.LIST>      </VATSTATUTORYDETAILS.LIST>
      <REFVOUCHERDETAILS.LIST>      </REFVOUCHERDETAILS.LIST>
      <INVOICEWISEDETAILS.LIST>      </INVOICEWISEDETAILS.LIST>
      <VATITCDETAILS.LIST>      </VATITCDETAILS.LIST>
      <ADVANCETAXDETAILS.LIST>      </ADVANCETAXDETAILS.LIST>
      <TAXTYPEALLOCATIONS.LIST>      </TAXTYPEALLOCATIONS.LIST>
     </ALLLEDGERENTRIES.LIST>
     <ALLLEDGERENTRIES.LIST>
      <OLDAUDITENTRYIDS.LIST TYPE="Number">
       <OLDAUDITENTRYIDS>-1</OLDAUDITENTRYIDS>
      </OLDAUDITENTRYIDS.LIST>
      <RATEOFINVOICETAX.LIST TYPE="Number">
       <RATEOFINVOICETAX> 18</RATEOFINVOICETAX>
      </RATEOFINVOICETAX.LIST>
      <ORIGPURCHINVDATE/>
      <NARRATION/>
      <ADDLALLOCTYPE/>
      <TAXCLASSIFICATIONNAME/>
      <APPROPRIATEFOR/>
      <GSTDUTYHEAD/>
      <GSTAPPROPRIATETO/>
      <NOTIFICATIONSLNO/>
      <EXCISEALLOCTYPE/>
      <SWIFTCODE/>
      <ROUNDTYPE/>
      <LEDGERNAME>IGST 18%</LEDGERNAME>
      <TAXUNITNAME/>
      <STATNATURENAME/>
      <GOODSTYPE/>
      <VATTRADENAME/>
      <METHODTYPE/>
      <CLASSRATE/>
      <STATCLASSIFICATIONNAME/>
      <EXCISECLASSIFICATIONNAME/>
      <ISZRBASICSERVICE/>
      <VATCOMMODITYNAME/>
      <SCHEDULE/>
      <SCHEDULESERIALNUMBER/>
      <VATCOMMODITYCODE/>
      <VATSUBCOMMODITYCODE/>
      <VATMAJORCOMMODITYNAME/>
      <STRDGSTDERIVEDLOCATIONTYPE/>
      <STRDGSTDERIVEDTAXABILITY/>
      <STRDGSTDERIVEDNATURETYPE/>
      <STRDGSTDERIVEDSUPPLYTYPE/>
      <TDSPARTYNAME/>
      <VATPARTYORGNAME/>
      <XBRLADJTYPE/>
      <VOUCHERFBTCATEGORY/>
      <TYPEOFTAXPAYMENT/>
      <VATCALCULATIONTYPE/>
      <VATWORKSCONTRACTTYPE/>
      <VATWCDESCRIPTION/>
      <GSTCLASS>&#4; Not Applicable</GSTCLASS>
      <SCHVIADJTYPE/>
      <GSTOVRDNCLASSIFICATION/>
      <GSTOVRDNNATURE/>
      <GSTOVRDNINELIGIBLEITC/>
      <GSTOVRDNISREVCHARGEAPPL/>
      <GSTOVRDNTAXABILITY/>
      <GSTHSNSACCODE/>
      <GSTSOURCETYPE/>
      <GSTITEMSOURCE/>
      <GSTLEDGERSOURCE/>
      <GSTGROUPSOURCE/>
      <GSTSTOCKGROUPSOURCE/>
      <HSNSOURCETYPE/>
      <HSNITEMSOURCE/>
      <HSNLEDGERSOURCE/>
      <HSNGROUPSOURCE/>
      <HSNSTOCKGROUPSOURCE/>
      <GSTOVRDNSTOREDNATURE/>
      <GSTOVRDNTYPEOFSUPPLY/>
      <GSTRATEINFERAPPLICABILITY/>
      <GSTOVRDNNATUREOFGOODS/>
      <GSTHSNNAME/>
      <GSTHSNDESCRIPTION/>
      <GSTHSNINFERAPPLICABILITY/>
      <HSNOVRDNCLASSIFICATION/>
      <STRDGSTFINALNATUREOFENTRY/>
      <STRDGSTDUTYHEAD/>
      <VATGOODSNATURE/>
      <GSTDEPGSTCLASSIFICATION/>
      <GSTDEPHSNCLASSIFICATION/>
      <POSPAYMENTTYPE/>
      <GSTPARTYLEDGER/>
      <ORIGPURCHPARTY/>
      <ORIGPURCHPARTYADDRESS/>
      <ORIGPURCHINVNO/>
      <ORIGPURCHNOTE/>
      <ISDEEMEDPOSITIVE>No</ISDEEMEDPOSITIVE>
      <LEDGERFROMITEM>No</LEDGERFROMITEM>
      <REMOVEZEROENTRIES/>
      <ISPARTYLEDGER>No</ISPARTYLEDGER>
      <GSTOVERRIDDEN>No</GSTOVERRIDDEN>
      <ISGSTASSESSABLEVALUEOVERRIDDEN>No</ISGSTASSESSABLEVALUEOVERRIDDEN>
      <STRDISGSTAPPLICABLE>No</STRDISGSTAPPLICABLE>
      <STRDGSTISPARTYLEDGER>No</STRDGSTISPARTYLEDGER>
      <STRDGSTISDUTYLEDGER>No</STRDGSTISDUTYLEDGER>
      <CONTENTNEGISPOS/>
      <ISLASTDEEMEDPOSITIVE>No</ISLASTDEEMEDPOSITIVE>
      <ISCAPVATTAXALTERED/>
      <ISCAPVATNOTCLAIMED>No</ISCAPVATNOTCLAIMED>
      <STCRADJPERCENT>0</STCRADJPERCENT>
      <ROUNDLIMIT>0</ROUNDLIMIT>
      <RATEOFADDLVAT>0</RATEOFADDLVAT>
      <RATEOFCESSONVAT>0</RATEOFCESSONVAT>
      <VATTAXRATE>0</VATTAXRATE>
      <VATITEMQTY>0</VATITEMQTY>
      <VATWCDEDUCTRATE>0</VATWCDEDUCTRATE>
      <PREVINVTOTALNUM>0</PREVINVTOTALNUM>
      <VATWCDEDUCTIONRATE>0</VATWCDEDUCTIONRATE>
      <GSTTAXRATE>0</GSTTAXRATE>
      <ORIGINVGOODSQTY>0</ORIGINVGOODSQTY>
      <CAPVATTAXRATE>0</CAPVATTAXRATE>
      <AMOUNT>135.00</AMOUNT>
      <CESSASSVALONCLASS/>
      <ADDNLVATCLASSAMT/>
      <EIDISCOUNTAMT/>
      <FBTEXEMPTAMOUNT/>
      <VATASSESSABLEVALUE/>
      <VATWCCOSTOFLAND/>
      <VATWCDEDLABOURCHARGES/>
      <VATWCOTHERDEDUCTIONAMT/>
      <VATWCVALUEOFTAXFREEGOODS/>
      <VATWCOTHERCHARGES/>
      <VATWCSUBCONTRACTORAMT/>
      <VATWCDEDUCTAMT/>
      <WCTOTALDEDUCTIONAMT/>
      <PREVAMOUNT/>
      <PREVINVTOTALAMT/>
      <VATWCDEDUCTIONAMOUNT/>
      <ORIGINVGOODSVALUE/>
      <CENVATCAPTINPUTAMT/>
      <GSTASSESSABLEVALUE/>
      <IGSTLIABILITY/>
      <CGSTLIABILITY/>
      <SGSTLIABILITY/>
      <GSTCESSLIABILITY/>
      <GSTOVRDNASSESSABLEVALUE/>
      <GSTASSBLVALUE/>
      <STRDCOMPUTEDASSESSABLEVALUE/>
      <STRDCOMPUTEDIGST/>
      <STRDCOMPUTEDCGST/>
      <STRDCOMPUTEDSGST/>
      <STRDCOMPUTEDCESS/>
      <STRDCOMPUTEDCESSONQTY/>
      <ORIGINVGOODSTAXVALUE/>
      <VATWCESTABLISHMENTCOST/>
      <VATWCCONTRACTORPROFIT/>
      <VATWCPLANNINGDESIGNFEES/>
      <VATWCMACHINERYTOOLSCHARGES/>
      <VATWCCONSUMABLESCOST/>
      <VATEXPAMOUNT>135.00</VATEXPAMOUNT>
      <VATASSBLVALUE/>
      <VATACCEPTEDTAXAMT/>
      <VATACCEPTEDADDLTAXAMT/>
      <CASHRECEIVED/>
      <CAPVATASSEABLEVALUE/>
      <CAPVATTAXVALUE/>
      <ORIGPURCHVALUE/>
      <SUPPLYMARGVAL/>
      <STRDAPPRSTATECESSGST/>
      <STRDAPPROPRIATEDDISCOUNT/>
      <STRDEXCISETAX/>
      <SERVICETAXDETAILS.LIST>      </SERVICETAXDETAILS.LIST>
      <BANKALLOCATIONS.LIST>      </BANKALLOCATIONS.LIST>
      <BILLALLOCATIONS.LIST>      </BILLALLOCATIONS.LIST>
      <INTERESTCOLLECTION.LIST>      </INTERESTCOLLECTION.LIST>
      <OLDAUDITENTRIES.LIST>      </OLDAUDITENTRIES.LIST>
      <ACCOUNTAUDITENTRIES.LIST>      </ACCOUNTAUDITENTRIES.LIST>
      <AUDITENTRIES.LIST>      </AUDITENTRIES.LIST>
      <INPUTCRALLOCS.LIST>      </INPUTCRALLOCS.LIST>
      <DUTYHEADDETAILS.LIST>      </DUTYHEADDETAILS.LIST>
      <EXCISEDUTYHEADDETAILS.LIST>      </EXCISEDUTYHEADDETAILS.LIST>
      <RATEDETAILS.LIST>      </RATEDETAILS.LIST>
      <SUMMARYALLOCS.LIST>      </SUMMARYALLOCS.LIST>
      <CENVATDUTYALLOCATIONS.LIST>      </CENVATDUTYALLOCATIONS.LIST>
      <STPYMTDETAILS.LIST>      </STPYMTDETAILS.LIST>
      <EXCISEPAYMENTALLOCATIONS.LIST>      </EXCISEPAYMENTALLOCATIONS.LIST>
      <TAXBILLALLOCATIONS.LIST>      </TAXBILLALLOCATIONS.LIST>
      <TAXOBJECTALLOCATIONS.LIST>      </TAXOBJECTALLOCATIONS.LIST>
      <TDSEXPENSEALLOCATIONS.LIST>      </TDSEXPENSEALLOCATIONS.LIST>
      <VATSTATUTORYDETAILS.LIST>      </VATSTATUTORYDETAILS.LIST>
      <COSTTRACKALLOCATIONS.LIST>      </COSTTRACKALLOCATIONS.LIST>
      <REFVOUCHERDETAILS.LIST>      </REFVOUCHERDETAILS.LIST>
      <INVOICEWISEDETAILS.LIST>      </INVOICEWISEDETAILS.LIST>
      <VATITCDETAILS.LIST>      </VATITCDETAILS.LIST>
      <ADVANCETAXDETAILS.LIST>      </ADVANCETAXDETAILS.LIST>
      <TAXTYPEALLOCATIONS.LIST>      </TAXTYPEALLOCATIONS.LIST>
     </ALLLEDGERENTRIES.LIST>
    </VOUCHER>
    <VOUCHER REMOTEID="755da616-c913-46c0-9ad0-de5499d071a0-00000006" VCHKEY="755da616-c913-46c0-9ad0-de5499d071a0-0000b47b:00000008" VCHTYPE="Payment" OBJVIEW="Accounting Voucher View">
     <DATE TYPE="Date">20260701</DATE>
     <REFERENCEDATE TYPE="Date"></REFERENCEDATE>
     <GUID>755da616-c913-46c0-9ad0-de5499d071a0-00000006</GUID>
     <GSTREGISTRATIONTYPE TYPE="String"></GSTREGISTRATIONTYPE>
     <NARRATION TYPE="String"></NARRATION>
     <REQUESTORRULE/>
     <PARTYGSTIN TYPE="String"></PARTYGSTIN>
     <PLACEOFSUPPLY TYPE="String"></PLACEOFSUPPLY>
     <VOUCHERTYPENAME>Payment</VOUCHERTYPENAME>
     <PARTYLEDGERNAME TYPE="String">Sudhir Traders</PARTYLEDGERNAME>
     <VOUCHERNUMBER>1</VOUCHERNUMBER>
     <BASICBUYERNAME TYPE="String"></BASICBUYERNAME>
     <REFERENCE TYPE="String"></REFERENCE>
     <SERIALMASTER TYPE="String"></SERIALMASTER>
     <ARESERIALMASTER TYPE="String"></ARESERIALMASTER>
     <NUMBERINGSTYLE>Auto Retain</NUMBERINGSTYLE>
     <PERSISTEDVIEW>Accounting Voucher View</PERSISTEDVIEW>
     <ISDELETED>No</ISDELETED>
     <ASORIGINAL>No</ASORIGINAL>
     <ISDEEMEDPOSITIVE TYPE="Logical">Yes</ISDEEMEDPOSITIVE>
     <ISOPTIONAL TYPE="Logical">No</ISOPTIONAL>
     <EFFECTIVEDATE TYPE="Date">20260701</EFFECTIVEDATE>
     <ISCANCELLED TYPE="Logical">No</ISCANCELLED>
     <ISINVOICE>No</ISINVOICE>
     <ASPAYSLIP>No</ASPAYSLIP>
     <ISDELETEDVCHRETAINED>No</ISDELETEDVCHRETAINED>
     <ISNEGISPOSSET TYPE="Logical">Yes</ISNEGISPOSSET>
     <ALTERID TYPE="Number"> 51</ALTERID>
     <MASTERID TYPE="Number"> 6</MASTERID>
     <VOUCHERKEY TYPE="Number">198440373977096</VOUCHERKEY>
     <VOUCHERRETAINKEY TYPE="Number">5</VOUCHERRETAINKEY>
     <REUSEHOLEID TYPE="Number">0</REUSEHOLEID>
     <VOUCHERNUMBERSERIES TYPE="String">Default</VOUCHERNUMBERSERIES>
     <ALLINVENTORYENTRIES.LIST>     </ALLINVENTORYENTRIES.LIST>
     <ALLLEDGERENTRIES.LIST>
      <OLDAUDITENTRYIDS.LIST TYPE="Number">
       <OLDAUDITENTRYIDS>-1</OLDAUDITENTRYIDS>
      </OLDAUDITENTRYIDS.LIST>
      <ORIGPURCHINVDATE/>
      <NARRATION/>
      <ADDLALLOCTYPE/>
      <TAXCLASSIFICATIONNAME/>
      <APPROPRIATEFOR/>
      <GSTDUTYHEAD/>
      <GSTAPPROPRIATETO/>
      <NOTIFICATIONSLNO/>
      <EXCISEALLOCTYPE/>
      <SWIFTCODE/>
      <ROUNDTYPE/>
      <LEDGERNAME>Sudhir Traders</LEDGERNAME>
      <TAXUNITNAME/>
      <STATNATURENAME/>
      <GOODSTYPE/>
      <VATTRADENAME/>
      <METHODTYPE/>
      <CLASSRATE/>
      <STATCLASSIFICATIONNAME/>
      <EXCISECLASSIFICATIONNAME/>
      <ISZRBASICSERVICE/>
      <VATCOMMODITYNAME/>
      <SCHEDULE/>
      <SCHEDULESERIALNUMBER/>
      <VATCOMMODITYCODE/>
      <VATSUBCOMMODITYCODE/>
      <VATMAJORCOMMODITYNAME/>
      <STRDGSTDERIVEDLOCATIONTYPE/>
      <STRDGSTDERIVEDTAXABILITY/>
      <STRDGSTDERIVEDNATURETYPE/>
      <STRDGSTDERIVEDSUPPLYTYPE/>
      <TDSPARTYNAME/>
      <VATPARTYORGNAME/>
      <XBRLADJTYPE/>
      <VOUCHERFBTCATEGORY/>
      <TYPEOFTAXPAYMENT/>
      <VATCALCULATIONTYPE/>
      <VATWORKSCONTRACTTYPE/>
      <VATWCDESCRIPTION/>
      <GSTCLASS>&#4; Not Applicable</GSTCLASS>
      <SCHVIADJTYPE/>
      <GSTOVRDNCLASSIFICATION/>
      <GSTOVRDNNATURE/>
      <GSTOVRDNINELIGIBLEITC/>
      <GSTOVRDNISREVCHARGEAPPL/>
      <GSTOVRDNTAXABILITY/>
      <GSTHSNSACCODE/>
      <GSTSOURCETYPE/>
      <GSTITEMSOURCE/>
      <GSTLEDGERSOURCE/>
      <GSTGROUPSOURCE/>
      <GSTSTOCKGROUPSOURCE/>
      <HSNSOURCETYPE/>
      <HSNITEMSOURCE/>
      <HSNLEDGERSOURCE/>
      <HSNGROUPSOURCE/>
      <HSNSTOCKGROUPSOURCE/>
      <GSTOVRDNSTOREDNATURE/>
      <GSTOVRDNTYPEOFSUPPLY/>
      <GSTRATEINFERAPPLICABILITY/>
      <GSTOVRDNNATUREOFGOODS/>
      <GSTHSNNAME/>
      <GSTHSNDESCRIPTION/>
      <GSTHSNINFERAPPLICABILITY/>
      <HSNOVRDNCLASSIFICATION/>
      <STRDGSTFINALNATUREOFENTRY/>
      <STRDGSTDUTYHEAD/>
      <VATGOODSNATURE/>
      <GSTDEPGSTCLASSIFICATION/>
      <GSTDEPHSNCLASSIFICATION/>
      <POSPAYMENTTYPE/>
      <GSTPARTYLEDGER/>
      <ORIGPURCHPARTY/>
      <ORIGPURCHPARTYADDRESS/>
      <ORIGPURCHINVNO/>
      <ORIGPURCHNOTE/>
      <ISDEEMEDPOSITIVE>Yes</ISDEEMEDPOSITIVE>
      <LEDGERFROMITEM>No</LEDGERFROMITEM>
      <REMOVEZEROENTRIES/>
      <ISPARTYLEDGER>Yes</ISPARTYLEDGER>
      <GSTOVERRIDDEN>No</GSTOVERRIDDEN>
      <ISGSTASSESSABLEVALUEOVERRIDDEN>No</ISGSTASSESSABLEVALUEOVERRIDDEN>
      <STRDISGSTAPPLICABLE>No</STRDISGSTAPPLICABLE>
      <STRDGSTISPARTYLEDGER>No</STRDGSTISPARTYLEDGER>
      <STRDGSTISDUTYLEDGER>No</STRDGSTISDUTYLEDGER>
      <CONTENTNEGISPOS/>
      <ISLASTDEEMEDPOSITIVE>Yes</ISLASTDEEMEDPOSITIVE>
      <ISCAPVATTAXALTERED/>
      <ISCAPVATNOTCLAIMED>No</ISCAPVATNOTCLAIMED>
      <STCRADJPERCENT>0</STCRADJPERCENT>
      <ROUNDLIMIT>0</ROUNDLIMIT>
      <RATEOFADDLVAT>0</RATEOFADDLVAT>
      <RATEOFCESSONVAT>0</RATEOFCESSONVAT>
      <VATTAXRATE>0</VATTAXRATE>
      <VATITEMQTY>0</VATITEMQTY>
      <VATWCDEDUCTRATE>0</VATWCDEDUCTRATE>
      <PREVINVTOTALNUM>0</PREVINVTOTALNUM>
      <VATWCDEDUCTIONRATE>0</VATWCDEDUCTIONRATE>
      <GSTTAXRATE>0</GSTTAXRATE>
      <ORIGINVGOODSQTY>0</ORIGINVGOODSQTY>
      <CAPVATTAXRATE>0</CAPVATTAXRATE>
      <AMOUNT>-1001.00</AMOUNT>
      <CESSASSVALONCLASS/>
      <ADDNLVATCLASSAMT/>
      <EIDISCOUNTAMT/>
      <FBTEXEMPTAMOUNT/>
      <VATASSESSABLEVALUE/>
      <VATWCCOSTOFLAND/>
      <VATWCDEDLABOURCHARGES/>
      <VATWCOTHERDEDUCTIONAMT/>
      <VATWCVALUEOFTAXFREEGOODS/>
      <VATWCOTHERCHARGES/>
      <VATWCSUBCONTRACTORAMT/>
      <VATWCDEDUCTAMT/>
      <WCTOTALDEDUCTIONAMT/>
      <PREVAMOUNT/>
      <PREVINVTOTALAMT/>
      <VATWCDEDUCTIONAMOUNT/>
      <ORIGINVGOODSVALUE/>
      <CENVATCAPTINPUTAMT/>
      <GSTASSESSABLEVALUE/>
      <IGSTLIABILITY/>
      <CGSTLIABILITY/>
      <SGSTLIABILITY/>
      <GSTCESSLIABILITY/>
      <GSTOVRDNASSESSABLEVALUE/>
      <GSTASSBLVALUE/>
      <STRDCOMPUTEDASSESSABLEVALUE/>
      <STRDCOMPUTEDIGST/>
      <STRDCOMPUTEDCGST/>
      <STRDCOMPUTEDSGST/>
      <STRDCOMPUTEDCESS/>
      <STRDCOMPUTEDCESSONQTY/>
      <ORIGINVGOODSTAXVALUE/>
      <VATWCESTABLISHMENTCOST/>
      <VATWCCONTRACTORPROFIT/>
      <VATWCPLANNINGDESIGNFEES/>
      <VATWCMACHINERYTOOLSCHARGES/>
      <VATWCCONSUMABLESCOST/>
      <VATEXPAMOUNT/>
      <VATASSBLVALUE/>
      <VATACCEPTEDTAXAMT/>
      <VATACCEPTEDADDLTAXAMT/>
      <CASHRECEIVED/>
      <CAPVATASSEABLEVALUE/>
      <CAPVATTAXVALUE/>
      <ORIGPURCHVALUE/>
      <SUPPLYMARGVAL/>
      <STRDAPPRSTATECESSGST/>
      <STRDAPPROPRIATEDDISCOUNT/>
      <STRDEXCISETAX/>
      <SERVICETAXDETAILS.LIST>      </SERVICETAXDETAILS.LIST>
      <BANKALLOCATIONS.LIST>      </BANKALLOCATIONS.LIST>
      <BILLALLOCATIONS.LIST>
       <BILLDATE TYPE="Date">20260701</BILLDATE>
       <YEAREND/>
       <BILLCREATIONDATE TYPE="Date">20260701</BILLCREATIONDATE>
       <NAME>Bill 210</NAME>
       <BILLCREDITPERIOD JD="46203" P="90 Days">90 Days</BILLCREDITPERIOD>
       <TDSDEDUCTEESECTIONNUMBER/>
       <TDSLEDGERNC/>
       <SERVICETAXLEDGER/>
       <BILLTYPE>New Ref</BILLTYPE>
       <SUMNAME/>
       <TDSDEDUCTEEISSPECIALRATE>No</TDSDEDUCTEEISSPECIALRATE>
       <TDSDEDUCTEESPECIALRATE>0</TDSDEDUCTEESPECIALRATE>
       <BILLID TYPE="Number"> 8</BILLID>
       <AMOUNT>-1001.00</AMOUNT>
       <INTERESTCOLLECTION.LIST>       </INTERESTCOLLECTION.LIST>
       <STBILLCATEGORIES.LIST>       </STBILLCATEGORIES.LIST>
      </BILLALLOCATIONS.LIST>
      <INTERESTCOLLECTION.LIST>      </INTERESTCOLLECTION.LIST>
      <OLDAUDITENTRIES.LIST>      </OLDAUDITENTRIES.LIST>
      <ACCOUNTAUDITENTRIES.LIST>      </ACCOUNTAUDITENTRIES.LIST>
      <AUDITENTRIES.LIST>      </AUDITENTRIES.LIST>
      <INPUTCRALLOCS.LIST>      </INPUTCRALLOCS.LIST>
      <DUTYHEADDETAILS.LIST>      </DUTYHEADDETAILS.LIST>
      <EXCISEDUTYHEADDETAILS.LIST>      </EXCISEDUTYHEADDETAILS.LIST>
      <RATEDETAILS.LIST>      </RATEDETAILS.LIST>
      <SUMMARYALLOCS.LIST>      </SUMMARYALLOCS.LIST>
      <CENVATDUTYALLOCATIONS.LIST>      </CENVATDUTYALLOCATIONS.LIST>
      <STPYMTDETAILS.LIST>      </STPYMTDETAILS.LIST>
      <EXCISEPAYMENTALLOCATIONS.LIST>      </EXCISEPAYMENTALLOCATIONS.LIST>
      <TAXBILLALLOCATIONS.LIST>      </TAXBILLALLOCATIONS.LIST>
      <TAXOBJECTALLOCATIONS.LIST>      </TAXOBJECTALLOCATIONS.LIST>
      <TDSEXPENSEALLOCATIONS.LIST>      </TDSEXPENSEALLOCATIONS.LIST>
      <VATSTATUTORYDETAILS.LIST>      </VATSTATUTORYDETAILS.LIST>
      <COSTTRACKALLOCATIONS.LIST>      </COSTTRACKALLOCATIONS.LIST>
      <REFVOUCHERDETAILS.LIST>      </REFVOUCHERDETAILS.LIST>
      <INVOICEWISEDETAILS.LIST>      </INVOICEWISEDETAILS.LIST>
      <VATITCDETAILS.LIST>      </VATITCDETAILS.LIST>
      <ADVANCETAXDETAILS.LIST>      </ADVANCETAXDETAILS.LIST>
      <TAXTYPEALLOCATIONS.LIST>      </TAXTYPEALLOCATIONS.LIST>
     </ALLLEDGERENTRIES.LIST>
     <ALLLEDGERENTRIES.LIST>
      <OLDAUDITENTRYIDS.LIST TYPE="Number">
       <OLDAUDITENTRYIDS>-1</OLDAUDITENTRYIDS>
      </OLDAUDITENTRYIDS.LIST>
      <ORIGPURCHINVDATE/>
      <NARRATION/>
      <ADDLALLOCTYPE/>
      <TAXCLASSIFICATIONNAME/>
      <APPROPRIATEFOR/>
      <GSTDUTYHEAD/>
      <GSTAPPROPRIATETO/>
      <NOTIFICATIONSLNO/>
      <EXCISEALLOCTYPE/>
      <SWIFTCODE/>
      <ROUNDTYPE/>
      <LEDGERNAME>Cash</LEDGERNAME>
      <TAXUNITNAME/>
      <STATNATURENAME/>
      <GOODSTYPE/>
      <VATTRADENAME/>
      <METHODTYPE/>
      <CLASSRATE/>
      <STATCLASSIFICATIONNAME/>
      <EXCISECLASSIFICATIONNAME/>
      <ISZRBASICSERVICE/>
      <VATCOMMODITYNAME/>
      <SCHEDULE/>
      <SCHEDULESERIALNUMBER/>
      <VATCOMMODITYCODE/>
      <VATSUBCOMMODITYCODE/>
      <VATMAJORCOMMODITYNAME/>
      <STRDGSTDERIVEDLOCATIONTYPE/>
      <STRDGSTDERIVEDTAXABILITY/>
      <STRDGSTDERIVEDNATURETYPE/>
      <STRDGSTDERIVEDSUPPLYTYPE/>
      <TDSPARTYNAME/>
      <VATPARTYORGNAME/>
      <XBRLADJTYPE/>
      <VOUCHERFBTCATEGORY/>
      <TYPEOFTAXPAYMENT/>
      <VATCALCULATIONTYPE/>
      <VATWORKSCONTRACTTYPE/>
      <VATWCDESCRIPTION/>
      <GSTCLASS>&#4; Not Applicable</GSTCLASS>
      <SCHVIADJTYPE/>
      <GSTOVRDNCLASSIFICATION/>
      <GSTOVRDNNATURE/>
      <GSTOVRDNINELIGIBLEITC/>
      <GSTOVRDNISREVCHARGEAPPL/>
      <GSTOVRDNTAXABILITY/>
      <GSTHSNSACCODE/>
      <GSTSOURCETYPE/>
      <GSTITEMSOURCE/>
      <GSTLEDGERSOURCE/>
      <GSTGROUPSOURCE/>
      <GSTSTOCKGROUPSOURCE/>
      <HSNSOURCETYPE/>
      <HSNITEMSOURCE/>
      <HSNLEDGERSOURCE/>
      <HSNGROUPSOURCE/>
      <HSNSTOCKGROUPSOURCE/>
      <GSTOVRDNSTOREDNATURE/>
      <GSTOVRDNTYPEOFSUPPLY/>
      <GSTRATEINFERAPPLICABILITY/>
      <GSTOVRDNNATUREOFGOODS/>
      <GSTHSNNAME/>
      <GSTHSNDESCRIPTION/>
      <GSTHSNINFERAPPLICABILITY/>
      <HSNOVRDNCLASSIFICATION/>
      <STRDGSTFINALNATUREOFENTRY/>
      <STRDGSTDUTYHEAD/>
      <VATGOODSNATURE/>
      <GSTDEPGSTCLASSIFICATION/>
      <GSTDEPHSNCLASSIFICATION/>
      <POSPAYMENTTYPE/>
      <GSTPARTYLEDGER/>
      <ORIGPURCHPARTY/>
      <ORIGPURCHPARTYADDRESS/>
      <ORIGPURCHINVNO/>
      <ORIGPURCHNOTE/>
      <ISDEEMEDPOSITIVE>No</ISDEEMEDPOSITIVE>
      <LEDGERFROMITEM>No</LEDGERFROMITEM>
      <REMOVEZEROENTRIES/>
      <ISPARTYLEDGER>Yes</ISPARTYLEDGER>
      <GSTOVERRIDDEN>No</GSTOVERRIDDEN>
      <ISGSTASSESSABLEVALUEOVERRIDDEN>No</ISGSTASSESSABLEVALUEOVERRIDDEN>
      <STRDISGSTAPPLICABLE>No</STRDISGSTAPPLICABLE>
      <STRDGSTISPARTYLEDGER>No</STRDGSTISPARTYLEDGER>
      <STRDGSTISDUTYLEDGER>No</STRDGSTISDUTYLEDGER>
      <CONTENTNEGISPOS/>
      <ISLASTDEEMEDPOSITIVE>No</ISLASTDEEMEDPOSITIVE>
      <ISCAPVATTAXALTERED/>
      <ISCAPVATNOTCLAIMED>No</ISCAPVATNOTCLAIMED>
      <STCRADJPERCENT>0</STCRADJPERCENT>
      <ROUNDLIMIT>0</ROUNDLIMIT>
      <RATEOFADDLVAT>0</RATEOFADDLVAT>
      <RATEOFCESSONVAT>0</RATEOFCESSONVAT>
      <VATTAXRATE>0</VATTAXRATE>
      <VATITEMQTY>0</VATITEMQTY>
      <VATWCDEDUCTRATE>0</VATWCDEDUCTRATE>
      <PREVINVTOTALNUM>0</PREVINVTOTALNUM>
      <VATWCDEDUCTIONRATE>0</VATWCDEDUCTIONRATE>
      <GSTTAXRATE>0</GSTTAXRATE>
      <ORIGINVGOODSQTY>0</ORIGINVGOODSQTY>
      <CAPVATTAXRATE>0</CAPVATTAXRATE>
      <AMOUNT>1001.00</AMOUNT>
      <CESSASSVALONCLASS/>
      <ADDNLVATCLASSAMT/>
      <EIDISCOUNTAMT/>
      <FBTEXEMPTAMOUNT/>
      <VATASSESSABLEVALUE/>
      <VATWCCOSTOFLAND/>
      <VATWCDEDLABOURCHARGES/>
      <VATWCOTHERDEDUCTIONAMT/>
      <VATWCVALUEOFTAXFREEGOODS/>
      <VATWCOTHERCHARGES/>
      <VATWCSUBCONTRACTORAMT/>
      <VATWCDEDUCTAMT/>
      <WCTOTALDEDUCTIONAMT/>
      <PREVAMOUNT/>
      <PREVINVTOTALAMT/>
      <VATWCDEDUCTIONAMOUNT/>
      <ORIGINVGOODSVALUE/>
      <CENVATCAPTINPUTAMT/>
      <GSTASSESSABLEVALUE/>
      <IGSTLIABILITY/>
      <CGSTLIABILITY/>
      <SGSTLIABILITY/>
      <GSTCESSLIABILITY/>
      <GSTOVRDNASSESSABLEVALUE/>
      <GSTASSBLVALUE/>
      <STRDCOMPUTEDASSESSABLEVALUE/>
      <STRDCOMPUTEDIGST/>
      <STRDCOMPUTEDCGST/>
      <STRDCOMPUTEDSGST/>
      <STRDCOMPUTEDCESS/>
      <STRDCOMPUTEDCESSONQTY/>
      <ORIGINVGOODSTAXVALUE/>
      <VATWCESTABLISHMENTCOST/>
      <VATWCCONTRACTORPROFIT/>
      <VATWCPLANNINGDESIGNFEES/>
      <VATWCMACHINERYTOOLSCHARGES/>
      <VATWCCONSUMABLESCOST/>
      <VATEXPAMOUNT/>
      <VATASSBLVALUE/>
      <VATACCEPTEDTAXAMT/>
      <VATACCEPTEDADDLTAXAMT/>
      <CASHRECEIVED/>
      <CAPVATASSEABLEVALUE/>
      <CAPVATTAXVALUE/>
      <ORIGPURCHVALUE/>
      <SUPPLYMARGVAL/>
      <STRDAPPRSTATECESSGST/>
      <STRDAPPROPRIATEDDISCOUNT/>
      <STRDEXCISETAX/>
      <SERVICETAXDETAILS.LIST>      </SERVICETAXDETAILS.LIST>
      <BANKALLOCATIONS.LIST>      </BANKALLOCATIONS.LIST>
      <BILLALLOCATIONS.LIST>      </BILLALLOCATIONS.LIST>
      <INTERESTCOLLECTION.LIST>      </INTERESTCOLLECTION.LIST>
      <OLDAUDITENTRIES.LIST>      </OLDAUDITENTRIES.LIST>
      <ACCOUNTAUDITENTRIES.LIST>      </ACCOUNTAUDITENTRIES.LIST>
      <AUDITENTRIES.LIST>      </AUDITENTRIES.LIST>
      <INPUTCRALLOCS.LIST>      </INPUTCRALLOCS.LIST>
      <DUTYHEADDETAILS.LIST>      </DUTYHEADDETAILS.LIST>
      <EXCISEDUTYHEADDETAILS.LIST>      </EXCISEDUTYHEADDETAILS.LIST>
      <RATEDETAILS.LIST>      </RATEDETAILS.LIST>
      <SUMMARYALLOCS.LIST>      </SUMMARYALLOCS.LIST>
      <CENVATDUTYALLOCATIONS.LIST>      </CENVATDUTYALLOCATIONS.LIST>
      <STPYMTDETAILS.LIST>      </STPYMTDETAILS.LIST>
      <EXCISEPAYMENTALLOCATIONS.LIST>      </EXCISEPAYMENTALLOCATIONS.LIST>
      <TAXBILLALLOCATIONS.LIST>      </TAXBILLALLOCATIONS.LIST>
      <TAXOBJECTALLOCATIONS.LIST>      </TAXOBJECTALLOCATIONS.LIST>
      <TDSEXPENSEALLOCATIONS.LIST>      </TDSEXPENSEALLOCATIONS.LIST>
      <VATSTATUTORYDETAILS.LIST>      </VATSTATUTORYDETAILS.LIST>
      <COSTTRACKALLOCATIONS.LIST>      </COSTTRACKALLOCATIONS.LIST>
      <REFVOUCHERDETAILS.LIST>      </REFVOUCHERDETAILS.LIST>
      <INVOICEWISEDETAILS.LIST>      </INVOICEWISEDETAILS.LIST>
      <VATITCDETAILS.LIST>      </VATITCDETAILS.LIST>
      <ADVANCETAXDETAILS.LIST>      </ADVANCETAXDETAILS.LIST>
      <TAXTYPEALLOCATIONS.LIST>      </TAXTYPEALLOCATIONS.LIST>
     </ALLLEDGERENTRIES.LIST>
    </VOUCHER>
    <VOUCHER REMOTEID="755da616-c913-46c0-9ad0-de5499d071a0-00000007" VCHKEY="755da616-c913-46c0-9ad0-de5499d071a0-0000b47b:00000010" VCHTYPE="Receipt" OBJVIEW="Accounting Voucher View">
     <DATE TYPE="Date">20260701</DATE>
     <REFERENCEDATE TYPE="Date"></REFERENCEDATE>
     <GUID>755da616-c913-46c0-9ad0-de5499d071a0-00000007</GUID>
     <GSTREGISTRATIONTYPE TYPE="String"></GSTREGISTRATIONTYPE>
     <NARRATION TYPE="String"></NARRATION>
     <REQUESTORRULE/>
     <PARTYGSTIN TYPE="String"></PARTYGSTIN>
     <PLACEOFSUPPLY TYPE="String"></PLACEOFSUPPLY>
     <VOUCHERTYPENAME>Receipt</VOUCHERTYPENAME>
     <PARTYLEDGERNAME TYPE="String">Cash</PARTYLEDGERNAME>
     <VOUCHERNUMBER>1</VOUCHERNUMBER>
     <BASICBUYERNAME TYPE="String"></BASICBUYERNAME>
     <REFERENCE TYPE="String"></REFERENCE>
     <SERIALMASTER TYPE="String"></SERIALMASTER>
     <ARESERIALMASTER TYPE="String"></ARESERIALMASTER>
     <NUMBERINGSTYLE>Auto Retain</NUMBERINGSTYLE>
     <PERSISTEDVIEW>Accounting Voucher View</PERSISTEDVIEW>
     <ISDELETED>No</ISDELETED>
     <ASORIGINAL>No</ASORIGINAL>
     <ISDEEMEDPOSITIVE TYPE="Logical">No</ISDEEMEDPOSITIVE>
     <ISOPTIONAL TYPE="Logical">No</ISOPTIONAL>
     <EFFECTIVEDATE TYPE="Date">20260701</EFFECTIVEDATE>
     <ISCANCELLED TYPE="Logical">No</ISCANCELLED>
     <ISINVOICE>No</ISINVOICE>
     <ASPAYSLIP>No</ASPAYSLIP>
     <ISDELETEDVCHRETAINED>No</ISDELETEDVCHRETAINED>
     <ISNEGISPOSSET TYPE="Logical">Yes</ISNEGISPOSSET>
     <ALTERID TYPE="Number"> 14</ALTERID>
     <MASTERID TYPE="Number"> 7</MASTERID>
     <VOUCHERKEY TYPE="Number">198440373977104</VOUCHERKEY>
     <VOUCHERRETAINKEY TYPE="Number">1</VOUCHERRETAINKEY>
     <REUSEHOLEID TYPE="Number">0</REUSEHOLEID>
     <VOUCHERNUMBERSERIES TYPE="String">Default</VOUCHERNUMBERSERIES>
     <ALLINVENTORYENTRIES.LIST>     </ALLINVENTORYENTRIES.LIST>
     <ALLLEDGERENTRIES.LIST>
      <OLDAUDITENTRYIDS.LIST TYPE="Number">
       <OLDAUDITENTRYIDS>-1</OLDAUDITENTRYIDS>
      </OLDAUDITENTRYIDS.LIST>
      <ORIGPURCHINVDATE/>
      <NARRATION/>
      <ADDLALLOCTYPE/>
      <TAXCLASSIFICATIONNAME/>
      <APPROPRIATEFOR/>
      <GSTDUTYHEAD/>
      <GSTAPPROPRIATETO/>
      <NOTIFICATIONSLNO/>
      <EXCISEALLOCTYPE/>
      <SWIFTCODE/>
      <ROUNDTYPE/>
      <LEDGERNAME>Sunil Capital Account</LEDGERNAME>
      <TAXUNITNAME/>
      <STATNATURENAME/>
      <GOODSTYPE/>
      <VATTRADENAME/>
      <METHODTYPE/>
      <CLASSRATE/>
      <STATCLASSIFICATIONNAME/>
      <EXCISECLASSIFICATIONNAME/>
      <ISZRBASICSERVICE/>
      <VATCOMMODITYNAME/>
      <SCHEDULE/>
      <SCHEDULESERIALNUMBER/>
      <VATCOMMODITYCODE/>
      <VATSUBCOMMODITYCODE/>
      <VATMAJORCOMMODITYNAME/>
      <STRDGSTDERIVEDLOCATIONTYPE/>
      <STRDGSTDERIVEDTAXABILITY/>
      <STRDGSTDERIVEDNATURETYPE/>
      <STRDGSTDERIVEDSUPPLYTYPE/>
      <TDSPARTYNAME/>
      <VATPARTYORGNAME/>
      <XBRLADJTYPE/>
      <VOUCHERFBTCATEGORY/>
      <TYPEOFTAXPAYMENT/>
      <VATCALCULATIONTYPE/>
      <VATWORKSCONTRACTTYPE/>
      <VATWCDESCRIPTION/>
      <GSTCLASS>&#4; Not Applicable</GSTCLASS>
      <SCHVIADJTYPE/>
      <GSTOVRDNCLASSIFICATION/>
      <GSTOVRDNNATURE/>
      <GSTOVRDNINELIGIBLEITC/>
      <GSTOVRDNISREVCHARGEAPPL/>
      <GSTOVRDNTAXABILITY/>
      <GSTHSNSACCODE/>
      <GSTSOURCETYPE/>
      <GSTITEMSOURCE/>
      <GSTLEDGERSOURCE/>
      <GSTGROUPSOURCE/>
      <GSTSTOCKGROUPSOURCE/>
      <HSNSOURCETYPE/>
      <HSNITEMSOURCE/>
      <HSNLEDGERSOURCE/>
      <HSNGROUPSOURCE/>
      <HSNSTOCKGROUPSOURCE/>
      <GSTOVRDNSTOREDNATURE/>
      <GSTOVRDNTYPEOFSUPPLY/>
      <GSTRATEINFERAPPLICABILITY/>
      <GSTOVRDNNATUREOFGOODS/>
      <GSTHSNNAME/>
      <GSTHSNDESCRIPTION/>
      <GSTHSNINFERAPPLICABILITY/>
      <HSNOVRDNCLASSIFICATION/>
      <STRDGSTFINALNATUREOFENTRY/>
      <STRDGSTDUTYHEAD/>
      <VATGOODSNATURE/>
      <GSTDEPGSTCLASSIFICATION/>
      <GSTDEPHSNCLASSIFICATION/>
      <POSPAYMENTTYPE/>
      <GSTPARTYLEDGER/>
      <ORIGPURCHPARTY/>
      <ORIGPURCHPARTYADDRESS/>
      <ORIGPURCHINVNO/>
      <ORIGPURCHNOTE/>
      <ISDEEMEDPOSITIVE>No</ISDEEMEDPOSITIVE>
      <LEDGERFROMITEM>No</LEDGERFROMITEM>
      <REMOVEZEROENTRIES/>
      <ISPARTYLEDGER>No</ISPARTYLEDGER>
      <GSTOVERRIDDEN>No</GSTOVERRIDDEN>
      <ISGSTASSESSABLEVALUEOVERRIDDEN>No</ISGSTASSESSABLEVALUEOVERRIDDEN>
      <STRDISGSTAPPLICABLE>No</STRDISGSTAPPLICABLE>
      <STRDGSTISPARTYLEDGER>No</STRDGSTISPARTYLEDGER>
      <STRDGSTISDUTYLEDGER>No</STRDGSTISDUTYLEDGER>
      <CONTENTNEGISPOS/>
      <ISLASTDEEMEDPOSITIVE>No</ISLASTDEEMEDPOSITIVE>
      <ISCAPVATTAXALTERED/>
      <ISCAPVATNOTCLAIMED>No</ISCAPVATNOTCLAIMED>
      <STCRADJPERCENT>0</STCRADJPERCENT>
      <ROUNDLIMIT>0</ROUNDLIMIT>
      <RATEOFADDLVAT>0</RATEOFADDLVAT>
      <RATEOFCESSONVAT>0</RATEOFCESSONVAT>
      <VATTAXRATE>0</VATTAXRATE>
      <VATITEMQTY>0</VATITEMQTY>
      <VATWCDEDUCTRATE>0</VATWCDEDUCTRATE>
      <PREVINVTOTALNUM>0</PREVINVTOTALNUM>
      <VATWCDEDUCTIONRATE>0</VATWCDEDUCTIONRATE>
      <GSTTAXRATE>0</GSTTAXRATE>
      <ORIGINVGOODSQTY>0</ORIGINVGOODSQTY>
      <CAPVATTAXRATE>0</CAPVATTAXRATE>
      <AMOUNT>5000.00</AMOUNT>
      <CESSASSVALONCLASS/>
      <ADDNLVATCLASSAMT/>
      <EIDISCOUNTAMT/>
      <FBTEXEMPTAMOUNT/>
      <VATASSESSABLEVALUE/>
      <VATWCCOSTOFLAND/>
      <VATWCDEDLABOURCHARGES/>
      <VATWCOTHERDEDUCTIONAMT/>
      <VATWCVALUEOFTAXFREEGOODS/>
      <VATWCOTHERCHARGES/>
      <VATWCSUBCONTRACTORAMT/>
      <VATWCDEDUCTAMT/>
      <WCTOTALDEDUCTIONAMT/>
      <PREVAMOUNT/>
      <PREVINVTOTALAMT/>
      <VATWCDEDUCTIONAMOUNT/>
      <ORIGINVGOODSVALUE/>
      <CENVATCAPTINPUTAMT/>
      <GSTASSESSABLEVALUE/>
      <IGSTLIABILITY/>
      <CGSTLIABILITY/>
      <SGSTLIABILITY/>
      <GSTCESSLIABILITY/>
      <GSTOVRDNASSESSABLEVALUE/>
      <GSTASSBLVALUE/>
      <STRDCOMPUTEDASSESSABLEVALUE/>
      <STRDCOMPUTEDIGST/>
      <STRDCOMPUTEDCGST/>
      <STRDCOMPUTEDSGST/>
      <STRDCOMPUTEDCESS/>
      <STRDCOMPUTEDCESSONQTY/>
      <ORIGINVGOODSTAXVALUE/>
      <VATWCESTABLISHMENTCOST/>
      <VATWCCONTRACTORPROFIT/>
      <VATWCPLANNINGDESIGNFEES/>
      <VATWCMACHINERYTOOLSCHARGES/>
      <VATWCCONSUMABLESCOST/>
      <VATEXPAMOUNT/>
      <VATASSBLVALUE/>
      <VATACCEPTEDTAXAMT/>
      <VATACCEPTEDADDLTAXAMT/>
      <CASHRECEIVED/>
      <CAPVATASSEABLEVALUE/>
      <CAPVATTAXVALUE/>
      <ORIGPURCHVALUE/>
      <SUPPLYMARGVAL/>
      <STRDAPPRSTATECESSGST/>
      <STRDAPPROPRIATEDDISCOUNT/>
      <STRDEXCISETAX/>
      <SERVICETAXDETAILS.LIST>      </SERVICETAXDETAILS.LIST>
      <BANKALLOCATIONS.LIST>      </BANKALLOCATIONS.LIST>
      <BILLALLOCATIONS.LIST>      </BILLALLOCATIONS.LIST>
      <INTERESTCOLLECTION.LIST>      </INTERESTCOLLECTION.LIST>
      <OLDAUDITENTRIES.LIST>      </OLDAUDITENTRIES.LIST>
      <ACCOUNTAUDITENTRIES.LIST>      </ACCOUNTAUDITENTRIES.LIST>
      <AUDITENTRIES.LIST>      </AUDITENTRIES.LIST>
      <INPUTCRALLOCS.LIST>      </INPUTCRALLOCS.LIST>
      <DUTYHEADDETAILS.LIST>      </DUTYHEADDETAILS.LIST>
      <EXCISEDUTYHEADDETAILS.LIST>      </EXCISEDUTYHEADDETAILS.LIST>
      <RATEDETAILS.LIST>      </RATEDETAILS.LIST>
      <SUMMARYALLOCS.LIST>      </SUMMARYALLOCS.LIST>
      <CENVATDUTYALLOCATIONS.LIST>      </CENVATDUTYALLOCATIONS.LIST>
      <STPYMTDETAILS.LIST>      </STPYMTDETAILS.LIST>
      <EXCISEPAYMENTALLOCATIONS.LIST>      </EXCISEPAYMENTALLOCATIONS.LIST>
      <TAXBILLALLOCATIONS.LIST>      </TAXBILLALLOCATIONS.LIST>
      <TAXOBJECTALLOCATIONS.LIST>      </TAXOBJECTALLOCATIONS.LIST>
      <TDSEXPENSEALLOCATIONS.LIST>      </TDSEXPENSEALLOCATIONS.LIST>
      <VATSTATUTORYDETAILS.LIST>      </VATSTATUTORYDETAILS.LIST>
      <COSTTRACKALLOCATIONS.LIST>      </COSTTRACKALLOCATIONS.LIST>
      <REFVOUCHERDETAILS.LIST>      </REFVOUCHERDETAILS.LIST>
      <INVOICEWISEDETAILS.LIST>      </INVOICEWISEDETAILS.LIST>
      <VATITCDETAILS.LIST>      </VATITCDETAILS.LIST>
      <ADVANCETAXDETAILS.LIST>      </ADVANCETAXDETAILS.LIST>
      <TAXTYPEALLOCATIONS.LIST>      </TAXTYPEALLOCATIONS.LIST>
     </ALLLEDGERENTRIES.LIST>
     <ALLLEDGERENTRIES.LIST>
      <OLDAUDITENTRYIDS.LIST TYPE="Number">
       <OLDAUDITENTRYIDS>-1</OLDAUDITENTRYIDS>
      </OLDAUDITENTRYIDS.LIST>
      <ORIGPURCHINVDATE/>
      <NARRATION/>
      <ADDLALLOCTYPE/>
      <TAXCLASSIFICATIONNAME/>
      <APPROPRIATEFOR/>
      <GSTDUTYHEAD/>
      <GSTAPPROPRIATETO/>
      <NOTIFICATIONSLNO/>
      <EXCISEALLOCTYPE/>
      <SWIFTCODE/>
      <ROUNDTYPE/>
      <LEDGERNAME>Cash</LEDGERNAME>
      <TAXUNITNAME/>
      <STATNATURENAME/>
      <GOODSTYPE/>
      <VATTRADENAME/>
      <METHODTYPE/>
      <CLASSRATE/>
      <STATCLASSIFICATIONNAME/>
      <EXCISECLASSIFICATIONNAME/>
      <ISZRBASICSERVICE/>
      <VATCOMMODITYNAME/>
      <SCHEDULE/>
      <SCHEDULESERIALNUMBER/>
      <VATCOMMODITYCODE/>
      <VATSUBCOMMODITYCODE/>
      <VATMAJORCOMMODITYNAME/>
      <STRDGSTDERIVEDLOCATIONTYPE/>
      <STRDGSTDERIVEDTAXABILITY/>
      <STRDGSTDERIVEDNATURETYPE/>
      <STRDGSTDERIVEDSUPPLYTYPE/>
      <TDSPARTYNAME/>
      <VATPARTYORGNAME/>
      <XBRLADJTYPE/>
      <VOUCHERFBTCATEGORY/>
      <TYPEOFTAXPAYMENT/>
      <VATCALCULATIONTYPE/>
      <VATWORKSCONTRACTTYPE/>
      <VATWCDESCRIPTION/>
      <GSTCLASS>&#4; Not Applicable</GSTCLASS>
      <SCHVIADJTYPE/>
      <GSTOVRDNCLASSIFICATION/>
      <GSTOVRDNNATURE/>
      <GSTOVRDNINELIGIBLEITC/>
      <GSTOVRDNISREVCHARGEAPPL/>
      <GSTOVRDNTAXABILITY/>
      <GSTHSNSACCODE/>
      <GSTSOURCETYPE/>
      <GSTITEMSOURCE/>
      <GSTLEDGERSOURCE/>
      <GSTGROUPSOURCE/>
      <GSTSTOCKGROUPSOURCE/>
      <HSNSOURCETYPE/>
      <HSNITEMSOURCE/>
      <HSNLEDGERSOURCE/>
      <HSNGROUPSOURCE/>
      <HSNSTOCKGROUPSOURCE/>
      <GSTOVRDNSTOREDNATURE/>
      <GSTOVRDNTYPEOFSUPPLY/>
      <GSTRATEINFERAPPLICABILITY/>
      <GSTOVRDNNATUREOFGOODS/>
      <GSTHSNNAME/>
      <GSTHSNDESCRIPTION/>
      <GSTHSNINFERAPPLICABILITY/>
      <HSNOVRDNCLASSIFICATION/>
      <STRDGSTFINALNATUREOFENTRY/>
      <STRDGSTDUTYHEAD/>
      <VATGOODSNATURE/>
      <GSTDEPGSTCLASSIFICATION/>
      <GSTDEPHSNCLASSIFICATION/>
      <POSPAYMENTTYPE/>
      <GSTPARTYLEDGER/>
      <ORIGPURCHPARTY/>
      <ORIGPURCHPARTYADDRESS/>
      <ORIGPURCHINVNO/>
      <ORIGPURCHNOTE/>
      <ISDEEMEDPOSITIVE>Yes</ISDEEMEDPOSITIVE>
      <LEDGERFROMITEM>No</LEDGERFROMITEM>
      <REMOVEZEROENTRIES/>
      <ISPARTYLEDGER>Yes</ISPARTYLEDGER>
      <GSTOVERRIDDEN>No</GSTOVERRIDDEN>
      <ISGSTASSESSABLEVALUEOVERRIDDEN>No</ISGSTASSESSABLEVALUEOVERRIDDEN>
      <STRDISGSTAPPLICABLE>No</STRDISGSTAPPLICABLE>
      <STRDGSTISPARTYLEDGER>No</STRDGSTISPARTYLEDGER>
      <STRDGSTISDUTYLEDGER>No</STRDGSTISDUTYLEDGER>
      <CONTENTNEGISPOS/>
      <ISLASTDEEMEDPOSITIVE>Yes</ISLASTDEEMEDPOSITIVE>
      <ISCAPVATTAXALTERED/>
      <ISCAPVATNOTCLAIMED>No</ISCAPVATNOTCLAIMED>
      <STCRADJPERCENT>0</STCRADJPERCENT>
      <ROUNDLIMIT>0</ROUNDLIMIT>
      <RATEOFADDLVAT>0</RATEOFADDLVAT>
      <RATEOFCESSONVAT>0</RATEOFCESSONVAT>
      <VATTAXRATE>0</VATTAXRATE>
      <VATITEMQTY>0</VATITEMQTY>
      <VATWCDEDUCTRATE>0</VATWCDEDUCTRATE>
      <PREVINVTOTALNUM>0</PREVINVTOTALNUM>
      <VATWCDEDUCTIONRATE>0</VATWCDEDUCTIONRATE>
      <GSTTAXRATE>0</GSTTAXRATE>
      <ORIGINVGOODSQTY>0</ORIGINVGOODSQTY>
      <CAPVATTAXRATE>0</CAPVATTAXRATE>
      <AMOUNT>-5000.00</AMOUNT>
      <CESSASSVALONCLASS/>
      <ADDNLVATCLASSAMT/>
      <EIDISCOUNTAMT/>
      <FBTEXEMPTAMOUNT/>
      <VATASSESSABLEVALUE/>
      <VATWCCOSTOFLAND/>
      <VATWCDEDLABOURCHARGES/>
      <VATWCOTHERDEDUCTIONAMT/>
      <VATWCVALUEOFTAXFREEGOODS/>
      <VATWCOTHERCHARGES/>
      <VATWCSUBCONTRACTORAMT/>
      <VATWCDEDUCTAMT/>
      <WCTOTALDEDUCTIONAMT/>
      <PREVAMOUNT/>
      <PREVINVTOTALAMT/>
      <VATWCDEDUCTIONAMOUNT/>
      <ORIGINVGOODSVALUE/>
      <CENVATCAPTINPUTAMT/>
      <GSTASSESSABLEVALUE/>
      <IGSTLIABILITY/>
      <CGSTLIABILITY/>
      <SGSTLIABILITY/>
      <GSTCESSLIABILITY/>
      <GSTOVRDNASSESSABLEVALUE/>
      <GSTASSBLVALUE/>
      <STRDCOMPUTEDASSESSABLEVALUE/>
      <STRDCOMPUTEDIGST/>
      <STRDCOMPUTEDCGST/>
      <STRDCOMPUTEDSGST/>
      <STRDCOMPUTEDCESS/>
      <STRDCOMPUTEDCESSONQTY/>
      <ORIGINVGOODSTAXVALUE/>
      <VATWCESTABLISHMENTCOST/>
      <VATWCCONTRACTORPROFIT/>
      <VATWCPLANNINGDESIGNFEES/>
      <VATWCMACHINERYTOOLSCHARGES/>
      <VATWCCONSUMABLESCOST/>
      <VATEXPAMOUNT/>
      <VATASSBLVALUE/>
      <VATACCEPTEDTAXAMT/>
      <VATACCEPTEDADDLTAXAMT/>
      <CASHRECEIVED/>
      <CAPVATASSEABLEVALUE/>
      <CAPVATTAXVALUE/>
      <ORIGPURCHVALUE/>
      <SUPPLYMARGVAL/>
      <STRDAPPRSTATECESSGST/>
      <STRDAPPROPRIATEDDISCOUNT/>
      <STRDEXCISETAX/>
      <SERVICETAXDETAILS.LIST>      </SERVICETAXDETAILS.LIST>
      <BANKALLOCATIONS.LIST>      </BANKALLOCATIONS.LIST>
      <BILLALLOCATIONS.LIST>      </BILLALLOCATIONS.LIST>
      <INTERESTCOLLECTION.LIST>      </INTERESTCOLLECTION.LIST>
      <OLDAUDITENTRIES.LIST>      </OLDAUDITENTRIES.LIST>
      <ACCOUNTAUDITENTRIES.LIST>      </ACCOUNTAUDITENTRIES.LIST>
      <AUDITENTRIES.LIST>      </AUDITENTRIES.LIST>
      <INPUTCRALLOCS.LIST>      </INPUTCRALLOCS.LIST>
      <DUTYHEADDETAILS.LIST>      </DUTYHEADDETAILS.LIST>
      <EXCISEDUTYHEADDETAILS.LIST>      </EXCISEDUTYHEADDETAILS.LIST>
      <RATEDETAILS.LIST>      </RATEDETAILS.LIST>
      <SUMMARYALLOCS.LIST>      </SUMMARYALLOCS.LIST>
      <CENVATDUTYALLOCATIONS.LIST>      </CENVATDUTYALLOCATIONS.LIST>
      <STPYMTDETAILS.LIST>      </STPYMTDETAILS.LIST>
      <EXCISEPAYMENTALLOCATIONS.LIST>      </EXCISEPAYMENTALLOCATIONS.LIST>
      <TAXBILLALLOCATIONS.LIST>      </TAXBILLALLOCATIONS.LIST>
      <TAXOBJECTALLOCATIONS.LIST>      </TAXOBJECTALLOCATIONS.LIST>
      <TDSEXPENSEALLOCATIONS.LIST>      </TDSEXPENSEALLOCATIONS.LIST>
      <VATSTATUTORYDETAILS.LIST>      </VATSTATUTORYDETAILS.LIST>
      <COSTTRACKALLOCATIONS.LIST>      </COSTTRACKALLOCATIONS.LIST>
      <REFVOUCHERDETAILS.LIST>      </REFVOUCHERDETAILS.LIST>
      <INVOICEWISEDETAILS.LIST>      </INVOICEWISEDETAILS.LIST>
      <VATITCDETAILS.LIST>      </VATITCDETAILS.LIST>
      <ADVANCETAXDETAILS.LIST>      </ADVANCETAXDETAILS.LIST>
      <TAXTYPEALLOCATIONS.LIST>      </TAXTYPEALLOCATIONS.LIST>
     </ALLLEDGERENTRIES.LIST>
    </VOUCHER>
    <VOUCHER REMOTEID="755da616-c913-46c0-9ad0-de5499d071a0-00000008" VCHKEY="755da616-c913-46c0-9ad0-de5499d071a0-0000b47b:00000018" VCHTYPE="Payment" OBJVIEW="Accounting Voucher View">
     <DATE TYPE="Date">20260701</DATE>
     <REFERENCEDATE TYPE="Date"></REFERENCEDATE>
     <GUID>755da616-c913-46c0-9ad0-de5499d071a0-00000008</GUID>
     <GSTREGISTRATIONTYPE TYPE="String">Unregistered/Consumer</GSTREGISTRATIONTYPE>
     <NARRATION TYPE="String"></NARRATION>
     <REQUESTORRULE/>
     <PARTYGSTIN TYPE="String"></PARTYGSTIN>
     <PLACEOFSUPPLY TYPE="String">Haryana</PLACEOFSUPPLY>
     <VOUCHERTYPENAME>Payment</VOUCHERTYPENAME>
     <PARTYLEDGERNAME TYPE="String">Cash</PARTYLEDGERNAME>
     <VOUCHERNUMBER>2</VOUCHERNUMBER>
     <BASICBUYERNAME TYPE="String"></BASICBUYERNAME>
     <REFERENCE TYPE="String"></REFERENCE>
     <SERIALMASTER TYPE="String"></SERIALMASTER>
     <ARESERIALMASTER TYPE="String"></ARESERIALMASTER>
     <NUMBERINGSTYLE>Auto Retain</NUMBERINGSTYLE>
     <PERSISTEDVIEW>Accounting Voucher View</PERSISTEDVIEW>
     <ISDELETED>No</ISDELETED>
     <ASORIGINAL>No</ASORIGINAL>
     <ISDEEMEDPOSITIVE TYPE="Logical">Yes</ISDEEMEDPOSITIVE>
     <ISOPTIONAL TYPE="Logical">No</ISOPTIONAL>
     <EFFECTIVEDATE TYPE="Date">20260701</EFFECTIVEDATE>
     <ISCANCELLED TYPE="Logical">No</ISCANCELLED>
     <ISINVOICE>No</ISINVOICE>
     <ASPAYSLIP>No</ASPAYSLIP>
     <ISDELETEDVCHRETAINED>No</ISDELETEDVCHRETAINED>
     <ISNEGISPOSSET TYPE="Logical">Yes</ISNEGISPOSSET>
     <ALTERID TYPE="Number"> 52</ALTERID>
     <MASTERID TYPE="Number"> 8</MASTERID>
     <VOUCHERKEY TYPE="Number">198440373977112</VOUCHERKEY>
     <VOUCHERRETAINKEY TYPE="Number">9</VOUCHERRETAINKEY>
     <REUSEHOLEID TYPE="Number">0</REUSEHOLEID>
     <VOUCHERNUMBERSERIES TYPE="String">Default</VOUCHERNUMBERSERIES>
     <ALLINVENTORYENTRIES.LIST>     </ALLINVENTORYENTRIES.LIST>
     <ALLLEDGERENTRIES.LIST>
      <OLDAUDITENTRYIDS.LIST TYPE="Number">
       <OLDAUDITENTRYIDS>-1</OLDAUDITENTRYIDS>
      </OLDAUDITENTRYIDS.LIST>
      <ORIGPURCHINVDATE/>
      <NARRATION/>
      <ADDLALLOCTYPE/>
      <TAXCLASSIFICATIONNAME/>
      <APPROPRIATEFOR/>
      <GSTDUTYHEAD/>
      <GSTAPPROPRIATETO/>
      <NOTIFICATIONSLNO/>
      <EXCISEALLOCTYPE/>
      <SWIFTCODE/>
      <ROUNDTYPE/>
      <LEDGERNAME>Telephone</LEDGERNAME>
      <TAXUNITNAME/>
      <STATNATURENAME/>
      <GOODSTYPE/>
      <VATTRADENAME/>
      <METHODTYPE/>
      <CLASSRATE/>
      <STATCLASSIFICATIONNAME/>
      <EXCISECLASSIFICATIONNAME/>
      <ISZRBASICSERVICE/>
      <VATCOMMODITYNAME/>
      <SCHEDULE/>
      <SCHEDULESERIALNUMBER/>
      <VATCOMMODITYCODE/>
      <VATSUBCOMMODITYCODE/>
      <VATMAJORCOMMODITYNAME/>
      <STRDGSTDERIVEDLOCATIONTYPE/>
      <STRDGSTDERIVEDTAXABILITY/>
      <STRDGSTDERIVEDNATURETYPE/>
      <STRDGSTDERIVEDSUPPLYTYPE/>
      <TDSPARTYNAME/>
      <VATPARTYORGNAME/>
      <XBRLADJTYPE/>
      <VOUCHERFBTCATEGORY/>
      <TYPEOFTAXPAYMENT/>
      <VATCALCULATIONTYPE/>
      <VATWORKSCONTRACTTYPE/>
      <VATWCDESCRIPTION/>
      <GSTCLASS>&#4; Not Applicable</GSTCLASS>
      <SCHVIADJTYPE/>
      <GSTOVRDNCLASSIFICATION/>
      <GSTOVRDNNATURE/>
      <GSTOVRDNINELIGIBLEITC>&#4; Applicable</GSTOVRDNINELIGIBLEITC>
      <GSTOVRDNISREVCHARGEAPPL>&#4; Not Applicable</GSTOVRDNISREVCHARGEAPPL>
      <GSTOVRDNTAXABILITY/>
      <GSTHSNSACCODE/>
      <GSTSOURCETYPE/>
      <GSTITEMSOURCE/>
      <GSTLEDGERSOURCE/>
      <GSTGROUPSOURCE/>
      <GSTSTOCKGROUPSOURCE/>
      <HSNSOURCETYPE/>
      <HSNITEMSOURCE/>
      <HSNLEDGERSOURCE/>
      <HSNGROUPSOURCE/>
      <HSNSTOCKGROUPSOURCE/>
      <GSTOVRDNSTOREDNATURE>&#4; System Inferred</GSTOVRDNSTOREDNATURE>
      <GSTOVRDNTYPEOFSUPPLY>Services</GSTOVRDNTYPEOFSUPPLY>
      <GSTRATEINFERAPPLICABILITY>As per Masters/Company</GSTRATEINFERAPPLICABILITY>
      <GSTOVRDNNATUREOFGOODS/>
      <GSTHSNNAME/>
      <GSTHSNDESCRIPTION/>
      <GSTHSNINFERAPPLICABILITY>As per Masters/Company</GSTHSNINFERAPPLICABILITY>
      <HSNOVRDNCLASSIFICATION/>
      <STRDGSTFINALNATUREOFENTRY/>
      <STRDGSTDUTYHEAD/>
      <VATGOODSNATURE/>
      <GSTDEPGSTCLASSIFICATION/>
      <GSTDEPHSNCLASSIFICATION/>
      <POSPAYMENTTYPE/>
      <GSTPARTYLEDGER/>
      <ORIGPURCHPARTY/>
      <ORIGPURCHPARTYADDRESS/>
      <ORIGPURCHINVNO/>
      <ORIGPURCHNOTE/>
      <ISDEEMEDPOSITIVE>Yes</ISDEEMEDPOSITIVE>
      <LEDGERFROMITEM>No</LEDGERFROMITEM>
      <REMOVEZEROENTRIES/>
      <ISPARTYLEDGER>No</ISPARTYLEDGER>
      <GSTOVERRIDDEN/>
      <ISGSTASSESSABLEVALUEOVERRIDDEN/>
      <STRDISGSTAPPLICABLE/>
      <STRDGSTISPARTYLEDGER/>
      <STRDGSTISDUTYLEDGER/>
      <CONTENTNEGISPOS/>
      <ISLASTDEEMEDPOSITIVE>Yes</ISLASTDEEMEDPOSITIVE>
      <ISCAPVATTAXALTERED/>
      <ISCAPVATNOTCLAIMED>No</ISCAPVATNOTCLAIMED>
      <STCRADJPERCENT>0</STCRADJPERCENT>
      <ROUNDLIMIT>0</ROUNDLIMIT>
      <RATEOFADDLVAT>0</RATEOFADDLVAT>
      <RATEOFCESSONVAT>0</RATEOFCESSONVAT>
      <VATTAXRATE>0</VATTAXRATE>
      <VATITEMQTY>0</VATITEMQTY>
      <VATWCDEDUCTRATE>0</VATWCDEDUCTRATE>
      <PREVINVTOTALNUM>0</PREVINVTOTALNUM>
      <VATWCDEDUCTIONRATE>0</VATWCDEDUCTIONRATE>
      <GSTTAXRATE>0</GSTTAXRATE>
      <ORIGINVGOODSQTY>0</ORIGINVGOODSQTY>
      <CAPVATTAXRATE>0</CAPVATTAXRATE>
      <AMOUNT>-250.00</AMOUNT>
      <CESSASSVALONCLASS/>
      <ADDNLVATCLASSAMT/>
      <EIDISCOUNTAMT/>
      <FBTEXEMPTAMOUNT/>
      <VATASSESSABLEVALUE/>
      <VATWCCOSTOFLAND/>
      <VATWCDEDLABOURCHARGES/>
      <VATWCOTHERDEDUCTIONAMT/>
      <VATWCVALUEOFTAXFREEGOODS/>
      <VATWCOTHERCHARGES/>
      <VATWCSUBCONTRACTORAMT/>
      <VATWCDEDUCTAMT/>
      <WCTOTALDEDUCTIONAMT/>
      <PREVAMOUNT/>
      <PREVINVTOTALAMT/>
      <VATWCDEDUCTIONAMOUNT/>
      <ORIGINVGOODSVALUE/>
      <CENVATCAPTINPUTAMT/>
      <GSTASSESSABLEVALUE/>
      <IGSTLIABILITY/>
      <CGSTLIABILITY/>
      <SGSTLIABILITY/>
      <GSTCESSLIABILITY/>
      <GSTOVRDNASSESSABLEVALUE/>
      <GSTASSBLVALUE/>
      <STRDCOMPUTEDASSESSABLEVALUE/>
      <STRDCOMPUTEDIGST/>
      <STRDCOMPUTEDCGST/>
      <STRDCOMPUTEDSGST/>
      <STRDCOMPUTEDCESS/>
      <STRDCOMPUTEDCESSONQTY/>
      <ORIGINVGOODSTAXVALUE/>
      <VATWCESTABLISHMENTCOST/>
      <VATWCCONTRACTORPROFIT/>
      <VATWCPLANNINGDESIGNFEES/>
      <VATWCMACHINERYTOOLSCHARGES/>
      <VATWCCONSUMABLESCOST/>
      <VATEXPAMOUNT>-250.00</VATEXPAMOUNT>
      <VATASSBLVALUE/>
      <VATACCEPTEDTAXAMT/>
      <VATACCEPTEDADDLTAXAMT/>
      <CASHRECEIVED/>
      <CAPVATASSEABLEVALUE/>
      <CAPVATTAXVALUE/>
      <ORIGPURCHVALUE/>
      <SUPPLYMARGVAL/>
      <STRDAPPRSTATECESSGST/>
      <STRDAPPROPRIATEDDISCOUNT/>
      <STRDEXCISETAX/>
      <SERVICETAXDETAILS.LIST>      </SERVICETAXDETAILS.LIST>
      <CATEGORYALLOCATIONS.LIST>
       <CATEGORY>Primary Cost Category</CATEGORY>
       <ISDEEMEDPOSITIVE>Yes</ISDEEMEDPOSITIVE>
       <COSTCENTREALLOCATIONS.LIST>
        <NAME>Finance</NAME>
        <PAYHEADSORTORDER>0</PAYHEADSORTORDER>
        <EMPLOYEESORTORDER>0</EMPLOYEESORTORDER>
        <AMOUNT>-150.00</AMOUNT>
        <ACTUALQTY/>
        <BILLEDQTY/>
       </COSTCENTREALLOCATIONS.LIST>
       <COSTCENTREALLOCATIONS.LIST>
        <NAME>Sales</NAME>
        <PAYHEADSORTORDER>0</PAYHEADSORTORDER>
        <EMPLOYEESORTORDER>0</EMPLOYEESORTORDER>
        <AMOUNT>-100.00</AMOUNT>
        <ACTUALQTY/>
        <BILLEDQTY/>
       </COSTCENTREALLOCATIONS.LIST>
      </CATEGORYALLOCATIONS.LIST>
      <BANKALLOCATIONS.LIST>      </BANKALLOCATIONS.LIST>
      <BILLALLOCATIONS.LIST>      </BILLALLOCATIONS.LIST>
      <INTERESTCOLLECTION.LIST>      </INTERESTCOLLECTION.LIST>
      <OLDAUDITENTRIES.LIST>      </OLDAUDITENTRIES.LIST>
      <ACCOUNTAUDITENTRIES.LIST>      </ACCOUNTAUDITENTRIES.LIST>
      <AUDITENTRIES.LIST>      </AUDITENTRIES.LIST>
      <INPUTCRALLOCS.LIST>      </INPUTCRALLOCS.LIST>
      <DUTYHEADDETAILS.LIST>      </DUTYHEADDETAILS.LIST>
      <EXCISEDUTYHEADDETAILS.LIST>      </EXCISEDUTYHEADDETAILS.LIST>
      <RATEDETAILS.LIST>
       <GSTRATEDUTYHEAD>CGST</GSTRATEDUTYHEAD>
       <GSTRATEVALUATIONTYPE/>
       <GSTRATE>0</GSTRATE>
       <GSTRATEPERUNIT>0</GSTRATEPERUNIT>
      </RATEDETAILS.LIST>
      <RATEDETAILS.LIST>
       <GSTRATEDUTYHEAD>SGST/UTGST</GSTRATEDUTYHEAD>
       <GSTRATEVALUATIONTYPE/>
       <GSTRATE>0</GSTRATE>
       <GSTRATEPERUNIT>0</GSTRATEPERUNIT>
      </RATEDETAILS.LIST>
      <RATEDETAILS.LIST>
       <GSTRATEDUTYHEAD>IGST</GSTRATEDUTYHEAD>
       <GSTRATEVALUATIONTYPE/>
       <GSTRATE>0</GSTRATE>
       <GSTRATEPERUNIT>0</GSTRATEPERUNIT>
      </RATEDETAILS.LIST>
      <RATEDETAILS.LIST>
       <GSTRATEDUTYHEAD>Cess</GSTRATEDUTYHEAD>
       <GSTRATEVALUATIONTYPE/>
       <GSTRATE>0</GSTRATE>
       <GSTRATEPERUNIT>0</GSTRATEPERUNIT>
      </RATEDETAILS.LIST>
      <RATEDETAILS.LIST>
       <GSTRATEDUTYHEAD>State Cess</GSTRATEDUTYHEAD>
       <GSTRATEVALUATIONTYPE/>
       <GSTRATE>0</GSTRATE>
       <GSTRATEPERUNIT>0</GSTRATEPERUNIT>
      </RATEDETAILS.LIST>
      <SUMMARYALLOCS.LIST>      </SUMMARYALLOCS.LIST>
      <CENVATDUTYALLOCATIONS.LIST>      </CENVATDUTYALLOCATIONS.LIST>
      <STPYMTDETAILS.LIST>      </STPYMTDETAILS.LIST>
      <EXCISEPAYMENTALLOCATIONS.LIST>      </EXCISEPAYMENTALLOCATIONS.LIST>
      <TAXBILLALLOCATIONS.LIST>      </TAXBILLALLOCATIONS.LIST>
      <TAXOBJECTALLOCATIONS.LIST>      </TAXOBJECTALLOCATIONS.LIST>
      <TDSEXPENSEALLOCATIONS.LIST>      </TDSEXPENSEALLOCATIONS.LIST>
      <VATSTATUTORYDETAILS.LIST>      </VATSTATUTORYDETAILS.LIST>
      <COSTTRACKALLOCATIONS.LIST>      </COSTTRACKALLOCATIONS.LIST>
      <REFVOUCHERDETAILS.LIST>      </REFVOUCHERDETAILS.LIST>
      <INVOICEWISEDETAILS.LIST>      </INVOICEWISEDETAILS.LIST>
      <VATITCDETAILS.LIST>      </VATITCDETAILS.LIST>
      <ADVANCETAXDETAILS.LIST>      </ADVANCETAXDETAILS.LIST>
      <TAXTYPEALLOCATIONS.LIST>      </TAXTYPEALLOCATIONS.LIST>
     </ALLLEDGERENTRIES.LIST>
     <ALLLEDGERENTRIES.LIST>
      <OLDAUDITENTRYIDS.LIST TYPE="Number">
       <OLDAUDITENTRYIDS>-1</OLDAUDITENTRYIDS>
      </OLDAUDITENTRYIDS.LIST>
      <ORIGPURCHINVDATE/>
      <NARRATION/>
      <ADDLALLOCTYPE/>
      <TAXCLASSIFICATIONNAME/>
      <APPROPRIATEFOR/>
      <GSTDUTYHEAD/>
      <GSTAPPROPRIATETO/>
      <NOTIFICATIONSLNO/>
      <EXCISEALLOCTYPE/>
      <SWIFTCODE/>
      <ROUNDTYPE/>
      <LEDGERNAME>Cash</LEDGERNAME>
      <TAXUNITNAME/>
      <STATNATURENAME/>
      <GOODSTYPE/>
      <VATTRADENAME/>
      <METHODTYPE/>
      <CLASSRATE/>
      <STATCLASSIFICATIONNAME/>
      <EXCISECLASSIFICATIONNAME/>
      <ISZRBASICSERVICE/>
      <VATCOMMODITYNAME/>
      <SCHEDULE/>
      <SCHEDULESERIALNUMBER/>
      <VATCOMMODITYCODE/>
      <VATSUBCOMMODITYCODE/>
      <VATMAJORCOMMODITYNAME/>
      <STRDGSTDERIVEDLOCATIONTYPE/>
      <STRDGSTDERIVEDTAXABILITY/>
      <STRDGSTDERIVEDNATURETYPE/>
      <STRDGSTDERIVEDSUPPLYTYPE/>
      <TDSPARTYNAME/>
      <VATPARTYORGNAME/>
      <XBRLADJTYPE/>
      <VOUCHERFBTCATEGORY/>
      <TYPEOFTAXPAYMENT/>
      <VATCALCULATIONTYPE/>
      <VATWORKSCONTRACTTYPE/>
      <VATWCDESCRIPTION/>
      <GSTCLASS>&#4; Not Applicable</GSTCLASS>
      <SCHVIADJTYPE/>
      <GSTOVRDNCLASSIFICATION/>
      <GSTOVRDNNATURE/>
      <GSTOVRDNINELIGIBLEITC/>
      <GSTOVRDNISREVCHARGEAPPL/>
      <GSTOVRDNTAXABILITY/>
      <GSTHSNSACCODE/>
      <GSTSOURCETYPE/>
      <GSTITEMSOURCE/>
      <GSTLEDGERSOURCE/>
      <GSTGROUPSOURCE/>
      <GSTSTOCKGROUPSOURCE/>
      <HSNSOURCETYPE/>
      <HSNITEMSOURCE/>
      <HSNLEDGERSOURCE/>
      <HSNGROUPSOURCE/>
      <HSNSTOCKGROUPSOURCE/>
      <GSTOVRDNSTOREDNATURE/>
      <GSTOVRDNTYPEOFSUPPLY/>
      <GSTRATEINFERAPPLICABILITY/>
      <GSTOVRDNNATUREOFGOODS/>
      <GSTHSNNAME/>
      <GSTHSNDESCRIPTION/>
      <GSTHSNINFERAPPLICABILITY/>
      <HSNOVRDNCLASSIFICATION/>
      <STRDGSTFINALNATUREOFENTRY/>
      <STRDGSTDUTYHEAD/>
      <VATGOODSNATURE/>
      <GSTDEPGSTCLASSIFICATION/>
      <GSTDEPHSNCLASSIFICATION/>
      <POSPAYMENTTYPE/>
      <GSTPARTYLEDGER/>
      <ORIGPURCHPARTY/>
      <ORIGPURCHPARTYADDRESS/>
      <ORIGPURCHINVNO/>
      <ORIGPURCHNOTE/>
      <ISDEEMEDPOSITIVE>No</ISDEEMEDPOSITIVE>
      <LEDGERFROMITEM>No</LEDGERFROMITEM>
      <REMOVEZEROENTRIES/>
      <ISPARTYLEDGER>Yes</ISPARTYLEDGER>
      <GSTOVERRIDDEN>No</GSTOVERRIDDEN>
      <ISGSTASSESSABLEVALUEOVERRIDDEN>No</ISGSTASSESSABLEVALUEOVERRIDDEN>
      <STRDISGSTAPPLICABLE>No</STRDISGSTAPPLICABLE>
      <STRDGSTISPARTYLEDGER>No</STRDGSTISPARTYLEDGER>
      <STRDGSTISDUTYLEDGER>No</STRDGSTISDUTYLEDGER>
      <CONTENTNEGISPOS/>
      <ISLASTDEEMEDPOSITIVE>No</ISLASTDEEMEDPOSITIVE>
      <ISCAPVATTAXALTERED/>
      <ISCAPVATNOTCLAIMED>No</ISCAPVATNOTCLAIMED>
      <STCRADJPERCENT>0</STCRADJPERCENT>
      <ROUNDLIMIT>0</ROUNDLIMIT>
      <RATEOFADDLVAT>0</RATEOFADDLVAT>
      <RATEOFCESSONVAT>0</RATEOFCESSONVAT>
      <VATTAXRATE>0</VATTAXRATE>
      <VATITEMQTY>0</VATITEMQTY>
      <VATWCDEDUCTRATE>0</VATWCDEDUCTRATE>
      <PREVINVTOTALNUM>0</PREVINVTOTALNUM>
      <VATWCDEDUCTIONRATE>0</VATWCDEDUCTIONRATE>
      <GSTTAXRATE>0</GSTTAXRATE>
      <ORIGINVGOODSQTY>0</ORIGINVGOODSQTY>
      <CAPVATTAXRATE>0</CAPVATTAXRATE>
      <AMOUNT>250.00</AMOUNT>
      <CESSASSVALONCLASS/>
      <ADDNLVATCLASSAMT/>
      <EIDISCOUNTAMT/>
      <FBTEXEMPTAMOUNT/>
      <VATASSESSABLEVALUE/>
      <VATWCCOSTOFLAND/>
      <VATWCDEDLABOURCHARGES/>
      <VATWCOTHERDEDUCTIONAMT/>
      <VATWCVALUEOFTAXFREEGOODS/>
      <VATWCOTHERCHARGES/>
      <VATWCSUBCONTRACTORAMT/>
      <VATWCDEDUCTAMT/>
      <WCTOTALDEDUCTIONAMT/>
      <PREVAMOUNT/>
      <PREVINVTOTALAMT/>
      <VATWCDEDUCTIONAMOUNT/>
      <ORIGINVGOODSVALUE/>
      <CENVATCAPTINPUTAMT/>
      <GSTASSESSABLEVALUE/>
      <IGSTLIABILITY/>
      <CGSTLIABILITY/>
      <SGSTLIABILITY/>
      <GSTCESSLIABILITY/>
      <GSTOVRDNASSESSABLEVALUE/>
      <GSTASSBLVALUE/>
      <STRDCOMPUTEDASSESSABLEVALUE/>
      <STRDCOMPUTEDIGST/>
      <STRDCOMPUTEDCGST/>
      <STRDCOMPUTEDSGST/>
      <STRDCOMPUTEDCESS/>
      <STRDCOMPUTEDCESSONQTY/>
      <ORIGINVGOODSTAXVALUE/>
      <VATWCESTABLISHMENTCOST/>
      <VATWCCONTRACTORPROFIT/>
      <VATWCPLANNINGDESIGNFEES/>
      <VATWCMACHINERYTOOLSCHARGES/>
      <VATWCCONSUMABLESCOST/>
      <VATEXPAMOUNT/>
      <VATASSBLVALUE/>
      <VATACCEPTEDTAXAMT/>
      <VATACCEPTEDADDLTAXAMT/>
      <CASHRECEIVED/>
      <CAPVATASSEABLEVALUE/>
      <CAPVATTAXVALUE/>
      <ORIGPURCHVALUE/>
      <SUPPLYMARGVAL/>
      <STRDAPPRSTATECESSGST/>
      <STRDAPPROPRIATEDDISCOUNT/>
      <STRDEXCISETAX/>
      <SERVICETAXDETAILS.LIST>      </SERVICETAXDETAILS.LIST>
      <BANKALLOCATIONS.LIST>      </BANKALLOCATIONS.LIST>
      <BILLALLOCATIONS.LIST>      </BILLALLOCATIONS.LIST>
      <INTERESTCOLLECTION.LIST>      </INTERESTCOLLECTION.LIST>
      <OLDAUDITENTRIES.LIST>      </OLDAUDITENTRIES.LIST>
      <ACCOUNTAUDITENTRIES.LIST>      </ACCOUNTAUDITENTRIES.LIST>
      <AUDITENTRIES.LIST>      </AUDITENTRIES.LIST>
      <INPUTCRALLOCS.LIST>      </INPUTCRALLOCS.LIST>
      <DUTYHEADDETAILS.LIST>      </DUTYHEADDETAILS.LIST>
      <EXCISEDUTYHEADDETAILS.LIST>      </EXCISEDUTYHEADDETAILS.LIST>
      <RATEDETAILS.LIST>      </RATEDETAILS.LIST>
      <SUMMARYALLOCS.LIST>      </SUMMARYALLOCS.LIST>
      <CENVATDUTYALLOCATIONS.LIST>      </CENVATDUTYALLOCATIONS.LIST>
      <STPYMTDETAILS.LIST>      </STPYMTDETAILS.LIST>
      <EXCISEPAYMENTALLOCATIONS.LIST>      </EXCISEPAYMENTALLOCATIONS.LIST>
      <TAXBILLALLOCATIONS.LIST>      </TAXBILLALLOCATIONS.LIST>
      <TAXOBJECTALLOCATIONS.LIST>      </TAXOBJECTALLOCATIONS.LIST>
      <TDSEXPENSEALLOCATIONS.LIST>      </TDSEXPENSEALLOCATIONS.LIST>
      <VATSTATUTORYDETAILS.LIST>      </VATSTATUTORYDETAILS.LIST>
      <COSTTRACKALLOCATIONS.LIST>      </COSTTRACKALLOCATIONS.LIST>
      <REFVOUCHERDETAILS.LIST>      </REFVOUCHERDETAILS.LIST>
      <INVOICEWISEDETAILS.LIST>      </INVOICEWISEDETAILS.LIST>
      <VATITCDETAILS.LIST>      </VATITCDETAILS.LIST>
      <ADVANCETAXDETAILS.LIST>      </ADVANCETAXDETAILS.LIST>
      <TAXTYPEALLOCATIONS.LIST>      </TAXTYPEALLOCATIONS.LIST>
     </ALLLEDGERENTRIES.LIST>
    </VOUCHER>
    <VOUCHER REMOTEID="755da616-c913-46c0-9ad0-de5499d071a0-00000010" VCHKEY="755da616-c913-46c0-9ad0-de5499d071a0-0000b47b:00000020" VCHTYPE="Purchase" OBJVIEW="Invoice Voucher View">
     <DATE TYPE="Date">20260701</DATE>
     <REFERENCEDATE TYPE="Date"></REFERENCEDATE>
     <GUID>755da616-c913-46c0-9ad0-de5499d071a0-00000010</GUID>
     <GSTREGISTRATIONTYPE TYPE="String">Regular</GSTREGISTRATIONTYPE>
     <NARRATION TYPE="String"></NARRATION>
     <REQUESTORRULE/>
     <PARTYGSTIN TYPE="String"></PARTYGSTIN>
     <PLACEOFSUPPLY TYPE="String">Haryana</PLACEOFSUPPLY>
     <VOUCHERTYPENAME>Purchase</VOUCHERTYPENAME>
     <PARTYLEDGERNAME TYPE="String">Sudhir Traders</PARTYLEDGERNAME>
     <VOUCHERNUMBER>5</VOUCHERNUMBER>
     <BASICBUYERNAME TYPE="String">Sunil Ent (Client</BASICBUYERNAME>
     <REFERENCE TYPE="String"></REFERENCE>
     <SERIALMASTER TYPE="String"></SERIALMASTER>
     <ARESERIALMASTER TYPE="String"></ARESERIALMASTER>
     <NUMBERINGSTYLE>Auto Retain</NUMBERINGSTYLE>
     <PERSISTEDVIEW>Invoice Voucher View</PERSISTEDVIEW>
     <ISDELETED>No</ISDELETED>
     <ASORIGINAL>No</ASORIGINAL>
     <ISDEEMEDPOSITIVE TYPE="Logical">No</ISDEEMEDPOSITIVE>
     <ISOPTIONAL TYPE="Logical">No</ISOPTIONAL>
     <EFFECTIVEDATE TYPE="Date">20260701</EFFECTIVEDATE>
     <ISCANCELLED TYPE="Logical">No</ISCANCELLED>
     <ISINVOICE>Yes</ISINVOICE>
     <ASPAYSLIP>No</ASPAYSLIP>
     <ISDELETEDVCHRETAINED>No</ISDELETEDVCHRETAINED>
     <ISNEGISPOSSET TYPE="Logical">Yes</ISNEGISPOSSET>
     <ALTERID TYPE="Number"> 44</ALTERID>
     <MASTERID TYPE="Number"> 16</MASTERID>
     <VOUCHERKEY TYPE="Number">198440373977120</VOUCHERKEY>
     <VOUCHERRETAINKEY TYPE="Number">21</VOUCHERRETAINKEY>
     <REUSEHOLEID TYPE="Number">0</REUSEHOLEID>
     <VOUCHERNUMBERSERIES TYPE="String">Default</VOUCHERNUMBERSERIES>
     <ALLINVENTORYENTRIES.LIST>
      <ORIGINVOICEDATE/>
      <ORIGSALESINVDATE/>
      <DESCRIPTION/>
      <STOCKITEMNAME>3/4 CPVC Elbow</STOCKITEMNAME>
      <STATNATURENAME/>
      <EXCISECLASSIFICATIONNAME/>
      <ISZRBASICSERVICE/>
      <STRDGSTDERIVEDLOCATIONTYPE/>
      <STRDGSTDERIVEDTAXABILITY/>
      <STRDGSTDERIVEDNATURETYPE/>
      <STRDGSTDERIVEDSUPPLYTYPE/>
      <GSTOVRDNCLASSIFICATION/>
      <GSTOVRDNNATURE/>
      <GSTOVRDNINELIGIBLEITC>&#4; Not Applicable</GSTOVRDNINELIGIBLEITC>
      <GSTOVRDNISREVCHARGEAPPL>&#4; Not Applicable</GSTOVRDNISREVCHARGEAPPL>
      <GSTOVRDNTAXABILITY>Taxable</GSTOVRDNTAXABILITY>
      <GSTSOURCETYPE/>
      <GSTITEMSOURCE/>
      <GSTLEDGERSOURCE/>
      <GSTGROUPSOURCE/>
      <GSTSTOCKGROUPSOURCE/>
      <HSNSOURCETYPE>Stock Item</HSNSOURCETYPE>
      <HSNITEMSOURCE>3/4 CPVC Elbow</HSNITEMSOURCE>
      <HSNLEDGERSOURCE/>
      <HSNGROUPSOURCE/>
      <HSNSTOCKGROUPSOURCE/>
      <GSTOVRDNSTOREDNATURE>Interstate Purchase - Taxable</GSTOVRDNSTOREDNATURE>
      <GSTOVRDNTYPEOFSUPPLY>Goods</GSTOVRDNTYPEOFSUPPLY>
      <GSTRATEINFERAPPLICABILITY>Specify Details Here</GSTRATEINFERAPPLICABILITY>
      <GSTOVRDNNATUREOFGOODS/>
      <GSTHSNNAME>3918</GSTHSNNAME>
      <GSTHSNDESCRIPTION/>
      <GSTHSNINFERAPPLICABILITY>As per Masters/Company</GSTHSNINFERAPPLICABILITY>
      <HSNOVRDNCLASSIFICATION/>
      <STRDGSTFINALNATUREOFENTRY/>
      <GSTDEPGSTCLASSIFICATION/>
      <GSTDEPHSNCLASSIFICATION/>
      <EXCISETARIFF/>
      <EXCISEEXEMPTION/>
      <TRADERCNSALESNUMBER/>
      <BASICPACKAGEMARKS/>
      <BASICNUMPACKAGES/>
      <SDTAXCLASSIFICATIONNAME/>
      <NATUREOFCOMPONENT/>
      <COMPONENTLISTTYPE/>
      <DISPLAYNATUREOFCOMPONENT/>
      <BOMNAME/>
      <ORIGINVOICENUMBER/>
      <ORIGINVOICEBOOKNAME/>
      <ORIGSALESINVNO/>
      <EXCISERETURNINVOICENO/>
      <REASONOFREJECTION/>
      <EXCISECREDITPARTY/>
      <EXCISECREDITSTKITEM/>
      <EXCISECREDITCATEGORY/>
      <TRADERSUPPLIERINVOICENO/>
      <EXCISESALESINVOICENO/>
      <GSTITEMUQC/>
      <GSTITEMUQCUOM/>
      <ADDLAMOUNT/>
      <ISDEEMEDPOSITIVE>Yes</ISDEEMEDPOSITIVE>
      <ISGSTASSESSABLEVALUEOVERRIDDEN/>
      <STRDISGSTAPPLICABLE/>
      <CONTENTNEGISPOS/>
      <ISLASTDEEMEDPOSITIVE>Yes</ISLASTDEEMEDPOSITIVE>
      <ISAUTONEGATE>No</ISAUTONEGATE>
      <ISCUSTOMSCLEARANCE/>
      <ISTRACKCOMPONENT/>
      <ISTRACKPRODUCTION/>
      <ISPRIMARYITEM/>
      <ISSCRAP>No</ISSCRAP>
      <RATE>10.00/Nos</RATE>
      <DISCOUNT>0</DISCOUNT>
      <VATTAXRATE>0</VATTAXRATE>
      <ORIGINVGOODSQTY>0</ORIGINVGOODSQTY>
      <EXCISEMRPABATEMENT>0</EXCISEMRPABATEMENT>
      <ADDLCOSTPERC>0</ADDLCOSTPERC>
      <REVISEDRATEOFDUTY>0</REVISEDRATEOFDUTY>
      <ORIGRATEOFDUTY>0</ORIGRATEOFDUTY>
      <ORIGMRPABATEMENT>0</ORIGMRPABATEMENT>
      <EXCISERETURNDUTYRATE>0</EXCISERETURNDUTYRATE>
      <GVATEXCISERATE>0</GVATEXCISERATE>
      <AMOUNT>-1000.00</AMOUNT>
      <EXCISEASSESSABLEVALUE/>
      <CESSASSVALONCLASS/>
      <EIDISCOUNTAMT/>
      <VATASSESSABLEVALUE/>
      <VATWCDEDUCTAMT/>
      <WCTOTALDEDUCTIONAMT/>
      <ORIGINVGOODSVALUE/>
      <GSTOVRDNASSESSABLEVALUE/>
      <GSTASSBLVALUE/>
      <STRDCOMPUTEDASSESSABLEVALUE/>
      <STRDCOMPUTEDIGST/>
      <STRDCOMPUTEDCGST/>
      <STRDCOMPUTEDSGST/>
      <STRDCOMPUTEDCESS/>
      <STRDCOMPUTEDCESSONQTY/>
      <ORIGINVGOODSTAXVALUE/>
      <VATASSBLVALUE/>
      <VATACCEPTEDTAXAMT/>
      <VATACCEPTEDADDLTAXAMT/>
      <STRDAPPRSTATECESSGST/>
      <STRDAPPROPRIATEDDISCOUNT/>
      <STRDEXCISETAX/>
      <VATINPUTTAXCREDIT/>
      <VATELIGIBLECREDIT/>
      <GVATEXCISEAMT/>
      <ACTUALQTY> 100 Nos</ACTUALQTY>
      <BILLEDQTY> 100 Nos</BILLEDQTY>
      <ORIGACTUALQTY/>
      <ORIGBILLEDQTY/>
      <EXCISERETURNINVOICEQTY/>
      <USABLEQTY/>
      <EXCISECREDITPENDINGQTY/>
      <MRPRATE/>
      <EXCISEMRPRATE/>
      <ORIGRATE/>
      <REVISEDRATE/>
      <ESCALATIONRATE/>
      <ORIGMRPRATE/>
      <ORIGRATEOFQTY/>
      <REVISEDRATEOFQTY/>
      <INCLVATRATE/>
      <BATCHALLOCATIONS.LIST>
       <MFDON/>
       <ORDERYEAREND/>
       <TRACKINGYEAREND/>
       <ORDERPRECLOSUREDATE/>
       <NARRATION/>
       <GODOWNNAME>Main Location</GODOWNNAME>
       <BATCHNAME>Primary Batch</BATCHNAME>
       <DESTINATIONGODOWNNAME>Main Location</DESTINATIONGODOWNNAME>
       <INDENTNO>&#4; Not Applicable</INDENTNO>
       <ORDERTYPE/>
       <PARENTITEM/>
       <ORDERCLOSUREREASON/>
       <ORDERNO>&#4; Not Applicable</ORDERNO>
       <TRACKINGNUMBER>&#4; Not Applicable</TRACKINGNUMBER>
       <DYNAMICCSTNO/>
       <DYNAMICCSTPARENTITEM/>
       <SUMDYNAMICCSTNO/>
       <SUMBATCHNAME/>
       <SUMTRACKINGNUMBER/>
       <SUMORDERNO/>
       <SUMINDENTNO/>
       <ADDLAMOUNT/>
       <DYNAMICCSTISCLEARED>No</DYNAMICCSTISCLEARED>
       <BATCHID TYPE="Number"> 2</BATCHID>
       <BATCHDISCOUNT TYPE="Number">0</BATCHDISCOUNT>
       <AMOUNT>-1000.00</AMOUNT>
       <ADDLEXPENSEAMOUNT/>
       <BATCHDIFFVAL/>
       <ACTUALQTY> 100 Nos</ACTUALQTY>
       <BILLEDQTY> 100 Nos</BILLEDQTY>
       <ORDERPRECLOSUREQTY/>
       <ORIGACTUALQTY/>
       <ORIGBILLEDQTY/>
       <BATCHPHYSDIFF/>
       <ORIGRATE/>
       <REVISEDRATE/>
       <ESCALATIONRATE/>
       <INCLVATRATE/>
       <BATCHRATE TYPE="Rate">10.00/Nos</BATCHRATE>
       <EXPIRYPERIOD/>
       <INDENTDUEDATE/>
       <ORDERDUEDATE/>
       <ADDITIONALDETAILS.LIST>       </ADDITIONALDETAILS.LIST>
       <VOUCHERCOMPONENTLIST.LIST>       </VOUCHERCOMPONENTLIST.LIST>
      </BATCHALLOCATIONS.LIST>
      <ACCOUNTINGALLOCATIONS.LIST>
       <OLDAUDITENTRYIDS.LIST TYPE="Number">
        <OLDAUDITENTRYIDS>-1</OLDAUDITENTRYIDS>
       </OLDAUDITENTRYIDS.LIST>
       <ORIGPURCHINVDATE/>
       <NARRATION/>
       <ADDLALLOCTYPE/>
       <TAXCLASSIFICATIONNAME/>
       <APPROPRIATEFOR/>
       <GSTDUTYHEAD/>
       <GSTAPPROPRIATETO/>
       <NOTIFICATIONSLNO/>
       <EXCISEALLOCTYPE/>
       <SWIFTCODE/>
       <ROUNDTYPE/>
       <LEDGERNAME>Purchase Igst</LEDGERNAME>
       <TAXUNITNAME/>
       <STATNATURENAME/>
       <GOODSTYPE/>
       <VATTRADENAME/>
       <METHODTYPE/>
       <CLASSRATE/>
       <STATCLASSIFICATIONNAME/>
       <EXCISECLASSIFICATIONNAME/>
       <ISZRBASICSERVICE/>
       <VATCOMMODITYNAME/>
       <SCHEDULE/>
       <SCHEDULESERIALNUMBER/>
       <VATCOMMODITYCODE/>
       <VATSUBCOMMODITYCODE/>
       <VATMAJORCOMMODITYNAME/>
       <STRDGSTDERIVEDLOCATIONTYPE/>
       <STRDGSTDERIVEDTAXABILITY/>
       <STRDGSTDERIVEDNATURETYPE/>
       <STRDGSTDERIVEDSUPPLYTYPE/>
       <TDSPARTYNAME/>
       <VATPARTYORGNAME/>
       <XBRLADJTYPE/>
       <VOUCHERFBTCATEGORY/>
       <TYPEOFTAXPAYMENT/>
       <VATCALCULATIONTYPE/>
       <VATWORKSCONTRACTTYPE/>
       <VATWCDESCRIPTION/>
       <GSTCLASS>&#4; Not Applicable</GSTCLASS>
       <SCHVIADJTYPE/>
       <GSTOVRDNCLASSIFICATION/>
       <GSTOVRDNNATURE/>
       <GSTOVRDNINELIGIBLEITC/>
       <GSTOVRDNISREVCHARGEAPPL/>
       <GSTOVRDNTAXABILITY/>
       <GSTHSNSACCODE/>
       <GSTSOURCETYPE/>
       <GSTITEMSOURCE/>
       <GSTLEDGERSOURCE/>
       <GSTGROUPSOURCE/>
       <GSTSTOCKGROUPSOURCE/>
       <HSNSOURCETYPE/>
       <HSNITEMSOURCE/>
       <HSNLEDGERSOURCE/>
       <HSNGROUPSOURCE/>
       <HSNSTOCKGROUPSOURCE/>
       <GSTOVRDNSTOREDNATURE/>
       <GSTOVRDNTYPEOFSUPPLY/>
       <GSTRATEINFERAPPLICABILITY/>
       <GSTOVRDNNATUREOFGOODS/>
       <GSTHSNNAME/>
       <GSTHSNDESCRIPTION/>
       <GSTHSNINFERAPPLICABILITY/>
       <HSNOVRDNCLASSIFICATION/>
       <STRDGSTFINALNATUREOFENTRY/>
       <STRDGSTDUTYHEAD/>
       <VATGOODSNATURE/>
       <GSTDEPGSTCLASSIFICATION/>
       <GSTDEPHSNCLASSIFICATION/>
       <POSPAYMENTTYPE/>
       <GSTPARTYLEDGER/>
       <ORIGPURCHPARTY/>
       <ORIGPURCHPARTYADDRESS/>
       <ORIGPURCHINVNO/>
       <ORIGPURCHNOTE/>
       <ISDEEMEDPOSITIVE>Yes</ISDEEMEDPOSITIVE>
       <LEDGERFROMITEM>No</LEDGERFROMITEM>
       <REMOVEZEROENTRIES/>
       <ISPARTYLEDGER>No</ISPARTYLEDGER>
       <GSTOVERRIDDEN>No</GSTOVERRIDDEN>
       <ISGSTASSESSABLEVALUEOVERRIDDEN>No</ISGSTASSESSABLEVALUEOVERRIDDEN>
       <STRDISGSTAPPLICABLE>No</STRDISGSTAPPLICABLE>
       <STRDGSTISPARTYLEDGER>No</STRDGSTISPARTYLEDGER>
       <STRDGSTISDUTYLEDGER>No</STRDGSTISDUTYLEDGER>
       <CONTENTNEGISPOS/>
       <ISLASTDEEMEDPOSITIVE>Yes</ISLASTDEEMEDPOSITIVE>
       <ISCAPVATTAXALTERED/>
       <ISCAPVATNOTCLAIMED>No</ISCAPVATNOTCLAIMED>
       <STCRADJPERCENT>0</STCRADJPERCENT>
       <ROUNDLIMIT>0</ROUNDLIMIT>
       <RATEOFADDLVAT>0</RATEOFADDLVAT>
       <RATEOFCESSONVAT>0</RATEOFCESSONVAT>
       <VATTAXRATE>0</VATTAXRATE>
       <VATITEMQTY>0</VATITEMQTY>
       <VATWCDEDUCTRATE>0</VATWCDEDUCTRATE>
       <PREVINVTOTALNUM>0</PREVINVTOTALNUM>
       <VATWCDEDUCTIONRATE>0</VATWCDEDUCTIONRATE>
       <GSTTAXRATE>0</GSTTAXRATE>
       <ORIGINVGOODSQTY>0</ORIGINVGOODSQTY>
       <CAPVATTAXRATE>0</CAPVATTAXRATE>
       <AMOUNT>-1000.00</AMOUNT>
       <CESSASSVALONCLASS/>
       <ADDNLVATCLASSAMT/>
       <EIDISCOUNTAMT/>
       <FBTEXEMPTAMOUNT/>
       <VATASSESSABLEVALUE/>
       <VATWCCOSTOFLAND/>
       <VATWCDEDLABOURCHARGES/>
       <VATWCOTHERDEDUCTIONAMT/>
       <VATWCVALUEOFTAXFREEGOODS/>
       <VATWCOTHERCHARGES/>
       <VATWCSUBCONTRACTORAMT/>
       <VATWCDEDUCTAMT/>
       <WCTOTALDEDUCTIONAMT/>
       <PREVAMOUNT/>
       <PREVINVTOTALAMT/>
       <VATWCDEDUCTIONAMOUNT/>
       <ORIGINVGOODSVALUE/>
       <CENVATCAPTINPUTAMT/>
       <GSTASSESSABLEVALUE/>
       <IGSTLIABILITY/>
       <CGSTLIABILITY/>
       <SGSTLIABILITY/>
       <GSTCESSLIABILITY/>
       <GSTOVRDNASSESSABLEVALUE/>
       <GSTASSBLVALUE/>
       <STRDCOMPUTEDASSESSABLEVALUE/>
       <STRDCOMPUTEDIGST/>
       <STRDCOMPUTEDCGST/>
       <STRDCOMPUTEDSGST/>
       <STRDCOMPUTEDCESS/>
       <STRDCOMPUTEDCESSONQTY/>
       <ORIGINVGOODSTAXVALUE/>
       <VATWCESTABLISHMENTCOST/>
       <VATWCCONTRACTORPROFIT/>
       <VATWCPLANNINGDESIGNFEES/>
       <VATWCMACHINERYTOOLSCHARGES/>
       <VATWCCONSUMABLESCOST/>
       <VATEXPAMOUNT/>
       <VATASSBLVALUE/>
       <VATACCEPTEDTAXAMT/>
       <VATACCEPTEDADDLTAXAMT/>
       <CASHRECEIVED/>
       <CAPVATASSEABLEVALUE/>
       <CAPVATTAXVALUE/>
       <ORIGPURCHVALUE/>
       <SUPPLYMARGVAL/>
       <STRDAPPRSTATECESSGST/>
       <STRDAPPROPRIATEDDISCOUNT/>
       <STRDEXCISETAX/>
       <SERVICETAXDETAILS.LIST>       </SERVICETAXDETAILS.LIST>
       <BANKALLOCATIONS.LIST>       </BANKALLOCATIONS.LIST>
       <BILLALLOCATIONS.LIST>       </BILLALLOCATIONS.LIST>
       <INTERESTCOLLECTION.LIST>       </INTERESTCOLLECTION.LIST>
       <OLDAUDITENTRIES.LIST>       </OLDAUDITENTRIES.LIST>
       <ACCOUNTAUDITENTRIES.LIST>       </ACCOUNTAUDITENTRIES.LIST>
       <AUDITENTRIES.LIST>       </AUDITENTRIES.LIST>
       <INPUTCRALLOCS.LIST>       </INPUTCRALLOCS.LIST>
       <DUTYHEADDETAILS.LIST>       </DUTYHEADDETAILS.LIST>
       <EXCISEDUTYHEADDETAILS.LIST>       </EXCISEDUTYHEADDETAILS.LIST>
       <RATEDETAILS.LIST>       </RATEDETAILS.LIST>
       <SUMMARYALLOCS.LIST>       </SUMMARYALLOCS.LIST>
       <CENVATDUTYALLOCATIONS.LIST>       </CENVATDUTYALLOCATIONS.LIST>
       <STPYMTDETAILS.LIST>       </STPYMTDETAILS.LIST>
       <EXCISEPAYMENTALLOCATIONS.LIST>       </EXCISEPAYMENTALLOCATIONS.LIST>
       <TAXBILLALLOCATIONS.LIST>       </TAXBILLALLOCATIONS.LIST>
       <TAXOBJECTALLOCATIONS.LIST>       </TAXOBJECTALLOCATIONS.LIST>
       <TDSEXPENSEALLOCATIONS.LIST>       </TDSEXPENSEALLOCATIONS.LIST>
       <VATSTATUTORYDETAILS.LIST>       </VATSTATUTORYDETAILS.LIST>
       <COSTTRACKALLOCATIONS.LIST>       </COSTTRACKALLOCATIONS.LIST>
       <REFVOUCHERDETAILS.LIST>       </REFVOUCHERDETAILS.LIST>
       <INVOICEWISEDETAILS.LIST>       </INVOICEWISEDETAILS.LIST>
       <VATITCDETAILS.LIST>       </VATITCDETAILS.LIST>
       <ADVANCETAXDETAILS.LIST>       </ADVANCETAXDETAILS.LIST>
       <TAXTYPEALLOCATIONS.LIST>       </TAXTYPEALLOCATIONS.LIST>
      </ACCOUNTINGALLOCATIONS.LIST>
      <DUTYHEADDETAILS.LIST>      </DUTYHEADDETAILS.LIST>
      <RATEDETAILS.LIST>
       <GSTRATEDUTYHEAD>CGST</GSTRATEDUTYHEAD>
       <GSTRATEVALUATIONTYPE>Based on Value</GSTRATEVALUATIONTYPE>
       <GSTRATE> 9</GSTRATE>
       <GSTRATEPERUNIT>0</GSTRATEPERUNIT>
      </RATEDETAILS.LIST>
      <RATEDETAILS.LIST>
       <GSTRATEDUTYHEAD>SGST/UTGST</GSTRATEDUTYHEAD>
       <GSTRATEVALUATIONTYPE>Based on Value</GSTRATEVALUATIONTYPE>
       <GSTRATE> 9</GSTRATE>
       <GSTRATEPERUNIT>0</GSTRATEPERUNIT>
      </RATEDETAILS.LIST>
      <RATEDETAILS.LIST>
       <GSTRATEDUTYHEAD>IGST</GSTRATEDUTYHEAD>
       <GSTRATEVALUATIONTYPE>Based on Value</GSTRATEVALUATIONTYPE>
       <GSTRATE> 18</GSTRATE>
       <GSTRATEPERUNIT>0</GSTRATEPERUNIT>
      </RATEDETAILS.LIST>
      <RATEDETAILS.LIST>
       <GSTRATEDUTYHEAD>Cess</GSTRATEDUTYHEAD>
       <GSTRATEVALUATIONTYPE>&#4; Not Applicable</GSTRATEVALUATIONTYPE>
       <GSTRATE>0</GSTRATE>
       <GSTRATEPERUNIT>0</GSTRATEPERUNIT>
      </RATEDETAILS.LIST>
      <RATEDETAILS.LIST>
       <GSTRATEDUTYHEAD>State Cess</GSTRATEDUTYHEAD>
       <GSTRATEVALUATIONTYPE>Based on Value</GSTRATEVALUATIONTYPE>
       <GSTRATE>0</GSTRATE>
       <GSTRATEPERUNIT>0</GSTRATEPERUNIT>
      </RATEDETAILS.LIST>
      <SUPPLEMENTARYDUTYHEADDETAILS.LIST>      </SUPPLEMENTARYDUTYHEADDETAILS.LIST>
      <TAXOBJECTALLOCATIONS.LIST>      </TAXOBJECTALLOCATIONS.LIST>
      <REFVOUCHERDETAILS.LIST>      </REFVOUCHERDETAILS.LIST>
      <EXCISEALLOCATIONS.LIST>      </EXCISEALLOCATIONS.LIST>
      <EXPENSEALLOCATIONS.LIST>      </EXPENSEALLOCATIONS.LIST>
     </ALLINVENTORYENTRIES.LIST>
     <ALLINVENTORYENTRIES.LIST>
      <ORIGINVOICEDATE/>
      <ORIGSALESINVDATE/>
      <DESCRIPTION/>
      <STOCKITEMNAME>GI Nipple</STOCKITEMNAME>
      <STATNATURENAME/>
      <EXCISECLASSIFICATIONNAME/>
      <ISZRBASICSERVICE/>
      <STRDGSTDERIVEDLOCATIONTYPE/>
      <STRDGSTDERIVEDTAXABILITY/>
      <STRDGSTDERIVEDNATURETYPE/>
      <STRDGSTDERIVEDSUPPLYTYPE/>
      <GSTOVRDNCLASSIFICATION/>
      <GSTOVRDNNATURE/>
      <GSTOVRDNINELIGIBLEITC>&#4; Not Applicable</GSTOVRDNINELIGIBLEITC>
      <GSTOVRDNISREVCHARGEAPPL>&#4; Not Applicable</GSTOVRDNISREVCHARGEAPPL>
      <GSTOVRDNTAXABILITY>Taxable</GSTOVRDNTAXABILITY>
      <GSTSOURCETYPE/>
      <GSTITEMSOURCE/>
      <GSTLEDGERSOURCE/>
      <GSTGROUPSOURCE/>
      <GSTSTOCKGROUPSOURCE/>
      <HSNSOURCETYPE>Stock Item</HSNSOURCETYPE>
      <HSNITEMSOURCE>GI Nipple</HSNITEMSOURCE>
      <HSNLEDGERSOURCE/>
      <HSNGROUPSOURCE/>
      <HSNSTOCKGROUPSOURCE/>
      <GSTOVRDNSTOREDNATURE>Interstate Purchase - Taxable</GSTOVRDNSTOREDNATURE>
      <GSTOVRDNTYPEOFSUPPLY>Goods</GSTOVRDNTYPEOFSUPPLY>
      <GSTRATEINFERAPPLICABILITY>Specify Details Here</GSTRATEINFERAPPLICABILITY>
      <GSTOVRDNNATUREOFGOODS/>
      <GSTHSNNAME>39123</GSTHSNNAME>
      <GSTHSNDESCRIPTION/>
      <GSTHSNINFERAPPLICABILITY>As per Masters/Company</GSTHSNINFERAPPLICABILITY>
      <HSNOVRDNCLASSIFICATION/>
      <STRDGSTFINALNATUREOFENTRY/>
      <GSTDEPGSTCLASSIFICATION/>
      <GSTDEPHSNCLASSIFICATION/>
      <EXCISETARIFF/>
      <EXCISEEXEMPTION/>
      <TRADERCNSALESNUMBER/>
      <BASICPACKAGEMARKS/>
      <BASICNUMPACKAGES/>
      <SDTAXCLASSIFICATIONNAME/>
      <NATUREOFCOMPONENT/>
      <COMPONENTLISTTYPE/>
      <DISPLAYNATUREOFCOMPONENT/>
      <BOMNAME/>
      <ORIGINVOICENUMBER/>
      <ORIGINVOICEBOOKNAME/>
      <ORIGSALESINVNO/>
      <EXCISERETURNINVOICENO/>
      <REASONOFREJECTION/>
      <EXCISECREDITPARTY/>
      <EXCISECREDITSTKITEM/>
      <EXCISECREDITCATEGORY/>
      <TRADERSUPPLIERINVOICENO/>
      <EXCISESALESINVOICENO/>
      <GSTITEMUQC/>
      <GSTITEMUQCUOM/>
      <ADDLAMOUNT/>
      <ISDEEMEDPOSITIVE>Yes</ISDEEMEDPOSITIVE>
      <ISGSTASSESSABLEVALUEOVERRIDDEN/>
      <STRDISGSTAPPLICABLE/>
      <CONTENTNEGISPOS/>
      <ISLASTDEEMEDPOSITIVE>Yes</ISLASTDEEMEDPOSITIVE>
      <ISAUTONEGATE>No</ISAUTONEGATE>
      <ISCUSTOMSCLEARANCE/>
      <ISTRACKCOMPONENT/>
      <ISTRACKPRODUCTION/>
      <ISPRIMARYITEM/>
      <ISSCRAP>No</ISSCRAP>
      <RATE>10.00/Inch</RATE>
      <DISCOUNT>0</DISCOUNT>
      <VATTAXRATE>0</VATTAXRATE>
      <ORIGINVGOODSQTY>0</ORIGINVGOODSQTY>
      <EXCISEMRPABATEMENT>0</EXCISEMRPABATEMENT>
      <ADDLCOSTPERC>0</ADDLCOSTPERC>
      <REVISEDRATEOFDUTY>0</REVISEDRATEOFDUTY>
      <ORIGRATEOFDUTY>0</ORIGRATEOFDUTY>
      <ORIGMRPABATEMENT>0</ORIGMRPABATEMENT>
      <EXCISERETURNDUTYRATE>0</EXCISERETURNDUTYRATE>
      <GVATEXCISERATE>0</GVATEXCISERATE>
      <AMOUNT>-500.00</AMOUNT>
      <EXCISEASSESSABLEVALUE/>
      <CESSASSVALONCLASS/>
      <EIDISCOUNTAMT/>
      <VATASSESSABLEVALUE/>
      <VATWCDEDUCTAMT/>
      <WCTOTALDEDUCTIONAMT/>
      <ORIGINVGOODSVALUE/>
      <GSTOVRDNASSESSABLEVALUE/>
      <GSTASSBLVALUE/>
      <STRDCOMPUTEDASSESSABLEVALUE/>
      <STRDCOMPUTEDIGST/>
      <STRDCOMPUTEDCGST/>
      <STRDCOMPUTEDSGST/>
      <STRDCOMPUTEDCESS/>
      <STRDCOMPUTEDCESSONQTY/>
      <ORIGINVGOODSTAXVALUE/>
      <VATASSBLVALUE/>
      <VATACCEPTEDTAXAMT/>
      <VATACCEPTEDADDLTAXAMT/>
      <STRDAPPRSTATECESSGST/>
      <STRDAPPROPRIATEDDISCOUNT/>
      <STRDEXCISETAX/>
      <VATINPUTTAXCREDIT/>
      <VATELIGIBLECREDIT/>
      <GVATEXCISEAMT/>
      <ACTUALQTY> 50 Inch</ACTUALQTY>
      <BILLEDQTY> 50 Inch</BILLEDQTY>
      <ORIGACTUALQTY/>
      <ORIGBILLEDQTY/>
      <EXCISERETURNINVOICEQTY/>
      <USABLEQTY/>
      <EXCISECREDITPENDINGQTY/>
      <MRPRATE/>
      <EXCISEMRPRATE/>
      <ORIGRATE/>
      <REVISEDRATE/>
      <ESCALATIONRATE/>
      <ORIGMRPRATE/>
      <ORIGRATEOFQTY/>
      <REVISEDRATEOFQTY/>
      <INCLVATRATE/>
      <BATCHALLOCATIONS.LIST>
       <MFDON/>
       <ORDERYEAREND/>
       <TRACKINGYEAREND/>
       <ORDERPRECLOSUREDATE/>
       <NARRATION/>
       <GODOWNNAME>Main Location</GODOWNNAME>
       <BATCHNAME>Primary Batch</BATCHNAME>
       <DESTINATIONGODOWNNAME>Main Location</DESTINATIONGODOWNNAME>
       <INDENTNO>&#4; Not Applicable</INDENTNO>
       <ORDERTYPE/>
       <PARENTITEM/>
       <ORDERCLOSUREREASON/>
       <ORDERNO>&#4; Not Applicable</ORDERNO>
       <TRACKINGNUMBER>&#4; Not Applicable</TRACKINGNUMBER>
       <DYNAMICCSTNO/>
       <DYNAMICCSTPARENTITEM/>
       <SUMDYNAMICCSTNO/>
       <SUMBATCHNAME/>
       <SUMTRACKINGNUMBER/>
       <SUMORDERNO/>
       <SUMINDENTNO/>
       <ADDLAMOUNT/>
       <DYNAMICCSTISCLEARED>No</DYNAMICCSTISCLEARED>
       <BATCHID TYPE="Number"> 15</BATCHID>
       <BATCHDISCOUNT TYPE="Number">0</BATCHDISCOUNT>
       <AMOUNT>-500.00</AMOUNT>
       <ADDLEXPENSEAMOUNT/>
       <BATCHDIFFVAL/>
       <ACTUALQTY> 50 Inch</ACTUALQTY>
       <BILLEDQTY> 50 Inch</BILLEDQTY>
       <ORDERPRECLOSUREQTY/>
       <ORIGACTUALQTY/>
       <ORIGBILLEDQTY/>
       <BATCHPHYSDIFF/>
       <ORIGRATE/>
       <REVISEDRATE/>
       <ESCALATIONRATE/>
       <INCLVATRATE/>
       <BATCHRATE TYPE="Rate">10.00/Inch</BATCHRATE>
       <EXPIRYPERIOD/>
       <INDENTDUEDATE/>
       <ORDERDUEDATE/>
       <ADDITIONALDETAILS.LIST>       </ADDITIONALDETAILS.LIST>
       <VOUCHERCOMPONENTLIST.LIST>       </VOUCHERCOMPONENTLIST.LIST>
      </BATCHALLOCATIONS.LIST>
      <ACCOUNTINGALLOCATIONS.LIST>
       <OLDAUDITENTRYIDS.LIST TYPE="Number">
        <OLDAUDITENTRYIDS>-1</OLDAUDITENTRYIDS>
       </OLDAUDITENTRYIDS.LIST>
       <ORIGPURCHINVDATE/>
       <NARRATION/>
       <ADDLALLOCTYPE/>
       <TAXCLASSIFICATIONNAME/>
       <APPROPRIATEFOR/>
       <GSTDUTYHEAD/>
       <GSTAPPROPRIATETO/>
       <NOTIFICATIONSLNO/>
       <EXCISEALLOCTYPE/>
       <SWIFTCODE/>
       <ROUNDTYPE/>
       <LEDGERNAME>Purchase Igst</LEDGERNAME>
       <TAXUNITNAME/>
       <STATNATURENAME/>
       <GOODSTYPE/>
       <VATTRADENAME/>
       <METHODTYPE/>
       <CLASSRATE/>
       <STATCLASSIFICATIONNAME/>
       <EXCISECLASSIFICATIONNAME/>
       <ISZRBASICSERVICE/>
       <VATCOMMODITYNAME/>
       <SCHEDULE/>
       <SCHEDULESERIALNUMBER/>
       <VATCOMMODITYCODE/>
       <VATSUBCOMMODITYCODE/>
       <VATMAJORCOMMODITYNAME/>
       <STRDGSTDERIVEDLOCATIONTYPE/>
       <STRDGSTDERIVEDTAXABILITY/>
       <STRDGSTDERIVEDNATURETYPE/>
       <STRDGSTDERIVEDSUPPLYTYPE/>
       <TDSPARTYNAME/>
       <VATPARTYORGNAME/>
       <XBRLADJTYPE/>
       <VOUCHERFBTCATEGORY/>
       <TYPEOFTAXPAYMENT/>
       <VATCALCULATIONTYPE/>
       <VATWORKSCONTRACTTYPE/>
       <VATWCDESCRIPTION/>
       <GSTCLASS>&#4; Not Applicable</GSTCLASS>
       <SCHVIADJTYPE/>
       <GSTOVRDNCLASSIFICATION/>
       <GSTOVRDNNATURE/>
       <GSTOVRDNINELIGIBLEITC/>
       <GSTOVRDNISREVCHARGEAPPL/>
       <GSTOVRDNTAXABILITY/>
       <GSTHSNSACCODE/>
       <GSTSOURCETYPE/>
       <GSTITEMSOURCE/>
       <GSTLEDGERSOURCE/>
       <GSTGROUPSOURCE/>
       <GSTSTOCKGROUPSOURCE/>
       <HSNSOURCETYPE/>
       <HSNITEMSOURCE/>
       <HSNLEDGERSOURCE/>
       <HSNGROUPSOURCE/>
       <HSNSTOCKGROUPSOURCE/>
       <GSTOVRDNSTOREDNATURE/>
       <GSTOVRDNTYPEOFSUPPLY/>
       <GSTRATEINFERAPPLICABILITY/>
       <GSTOVRDNNATUREOFGOODS/>
       <GSTHSNNAME/>
       <GSTHSNDESCRIPTION/>
       <GSTHSNINFERAPPLICABILITY/>
       <HSNOVRDNCLASSIFICATION/>
       <STRDGSTFINALNATUREOFENTRY/>
       <STRDGSTDUTYHEAD/>
       <VATGOODSNATURE/>
       <GSTDEPGSTCLASSIFICATION/>
       <GSTDEPHSNCLASSIFICATION/>
       <POSPAYMENTTYPE/>
       <GSTPARTYLEDGER/>
       <ORIGPURCHPARTY/>
       <ORIGPURCHPARTYADDRESS/>
       <ORIGPURCHINVNO/>
       <ORIGPURCHNOTE/>
       <ISDEEMEDPOSITIVE>Yes</ISDEEMEDPOSITIVE>
       <LEDGERFROMITEM>No</LEDGERFROMITEM>
       <REMOVEZEROENTRIES/>
       <ISPARTYLEDGER>No</ISPARTYLEDGER>
       <GSTOVERRIDDEN>No</GSTOVERRIDDEN>
       <ISGSTASSESSABLEVALUEOVERRIDDEN>No</ISGSTASSESSABLEVALUEOVERRIDDEN>
       <STRDISGSTAPPLICABLE>No</STRDISGSTAPPLICABLE>
       <STRDGSTISPARTYLEDGER>No</STRDGSTISPARTYLEDGER>
       <STRDGSTISDUTYLEDGER>No</STRDGSTISDUTYLEDGER>
       <CONTENTNEGISPOS/>
       <ISLASTDEEMEDPOSITIVE>Yes</ISLASTDEEMEDPOSITIVE>
       <ISCAPVATTAXALTERED/>
       <ISCAPVATNOTCLAIMED>No</ISCAPVATNOTCLAIMED>
       <STCRADJPERCENT>0</STCRADJPERCENT>
       <ROUNDLIMIT>0</ROUNDLIMIT>
       <RATEOFADDLVAT>0</RATEOFADDLVAT>
       <RATEOFCESSONVAT>0</RATEOFCESSONVAT>
       <VATTAXRATE>0</VATTAXRATE>
       <VATITEMQTY>0</VATITEMQTY>
       <VATWCDEDUCTRATE>0</VATWCDEDUCTRATE>
       <PREVINVTOTALNUM>0</PREVINVTOTALNUM>
       <VATWCDEDUCTIONRATE>0</VATWCDEDUCTIONRATE>
       <GSTTAXRATE>0</GSTTAXRATE>
       <ORIGINVGOODSQTY>0</ORIGINVGOODSQTY>
       <CAPVATTAXRATE>0</CAPVATTAXRATE>
       <AMOUNT>-500.00</AMOUNT>
       <CESSASSVALONCLASS/>
       <ADDNLVATCLASSAMT/>
       <EIDISCOUNTAMT/>
       <FBTEXEMPTAMOUNT/>
       <VATASSESSABLEVALUE/>
       <VATWCCOSTOFLAND/>
       <VATWCDEDLABOURCHARGES/>
       <VATWCOTHERDEDUCTIONAMT/>
       <VATWCVALUEOFTAXFREEGOODS/>
       <VATWCOTHERCHARGES/>
       <VATWCSUBCONTRACTORAMT/>
       <VATWCDEDUCTAMT/>
       <WCTOTALDEDUCTIONAMT/>
       <PREVAMOUNT/>
       <PREVINVTOTALAMT/>
       <VATWCDEDUCTIONAMOUNT/>
       <ORIGINVGOODSVALUE/>
       <CENVATCAPTINPUTAMT/>
       <GSTASSESSABLEVALUE/>
       <IGSTLIABILITY/>
       <CGSTLIABILITY/>
       <SGSTLIABILITY/>
       <GSTCESSLIABILITY/>
       <GSTOVRDNASSESSABLEVALUE/>
       <GSTASSBLVALUE/>
       <STRDCOMPUTEDASSESSABLEVALUE/>
       <STRDCOMPUTEDIGST/>
       <STRDCOMPUTEDCGST/>
       <STRDCOMPUTEDSGST/>
       <STRDCOMPUTEDCESS/>
       <STRDCOMPUTEDCESSONQTY/>
       <ORIGINVGOODSTAXVALUE/>
       <VATWCESTABLISHMENTCOST/>
       <VATWCCONTRACTORPROFIT/>
       <VATWCPLANNINGDESIGNFEES/>
       <VATWCMACHINERYTOOLSCHARGES/>
       <VATWCCONSUMABLESCOST/>
       <VATEXPAMOUNT/>
       <VATASSBLVALUE/>
       <VATACCEPTEDTAXAMT/>
       <VATACCEPTEDADDLTAXAMT/>
       <CASHRECEIVED/>
       <CAPVATASSEABLEVALUE/>
       <CAPVATTAXVALUE/>
       <ORIGPURCHVALUE/>
       <SUPPLYMARGVAL/>
       <STRDAPPRSTATECESSGST/>
       <STRDAPPROPRIATEDDISCOUNT/>
       <STRDEXCISETAX/>
       <SERVICETAXDETAILS.LIST>       </SERVICETAXDETAILS.LIST>
       <BANKALLOCATIONS.LIST>       </BANKALLOCATIONS.LIST>
       <BILLALLOCATIONS.LIST>       </BILLALLOCATIONS.LIST>
       <INTERESTCOLLECTION.LIST>       </INTERESTCOLLECTION.LIST>
       <OLDAUDITENTRIES.LIST>       </OLDAUDITENTRIES.LIST>
       <ACCOUNTAUDITENTRIES.LIST>       </ACCOUNTAUDITENTRIES.LIST>
       <AUDITENTRIES.LIST>       </AUDITENTRIES.LIST>
       <INPUTCRALLOCS.LIST>       </INPUTCRALLOCS.LIST>
       <DUTYHEADDETAILS.LIST>       </DUTYHEADDETAILS.LIST>
       <EXCISEDUTYHEADDETAILS.LIST>       </EXCISEDUTYHEADDETAILS.LIST>
       <RATEDETAILS.LIST>       </RATEDETAILS.LIST>
       <SUMMARYALLOCS.LIST>       </SUMMARYALLOCS.LIST>
       <CENVATDUTYALLOCATIONS.LIST>       </CENVATDUTYALLOCATIONS.LIST>
       <STPYMTDETAILS.LIST>       </STPYMTDETAILS.LIST>
       <EXCISEPAYMENTALLOCATIONS.LIST>       </EXCISEPAYMENTALLOCATIONS.LIST>
       <TAXBILLALLOCATIONS.LIST>       </TAXBILLALLOCATIONS.LIST>
       <TAXOBJECTALLOCATIONS.LIST>       </TAXOBJECTALLOCATIONS.LIST>
       <TDSEXPENSEALLOCATIONS.LIST>       </TDSEXPENSEALLOCATIONS.LIST>
       <VATSTATUTORYDETAILS.LIST>       </VATSTATUTORYDETAILS.LIST>
       <COSTTRACKALLOCATIONS.LIST>       </COSTTRACKALLOCATIONS.LIST>
       <REFVOUCHERDETAILS.LIST>       </REFVOUCHERDETAILS.LIST>
       <INVOICEWISEDETAILS.LIST>       </INVOICEWISEDETAILS.LIST>
       <VATITCDETAILS.LIST>       </VATITCDETAILS.LIST>
       <ADVANCETAXDETAILS.LIST>       </ADVANCETAXDETAILS.LIST>
       <TAXTYPEALLOCATIONS.LIST>       </TAXTYPEALLOCATIONS.LIST>
      </ACCOUNTINGALLOCATIONS.LIST>
      <DUTYHEADDETAILS.LIST>      </DUTYHEADDETAILS.LIST>
      <RATEDETAILS.LIST>
       <GSTRATEDUTYHEAD>CGST</GSTRATEDUTYHEAD>
       <GSTRATEVALUATIONTYPE>Based on Value</GSTRATEVALUATIONTYPE>
       <GSTRATE> 7.50</GSTRATE>
       <GSTRATEPERUNIT>0</GSTRATEPERUNIT>
      </RATEDETAILS.LIST>
      <RATEDETAILS.LIST>
       <GSTRATEDUTYHEAD>SGST/UTGST</GSTRATEDUTYHEAD>
       <GSTRATEVALUATIONTYPE>Based on Value</GSTRATEVALUATIONTYPE>
       <GSTRATE> 7.50</GSTRATE>
       <GSTRATEPERUNIT>0</GSTRATEPERUNIT>
      </RATEDETAILS.LIST>
      <RATEDETAILS.LIST>
       <GSTRATEDUTYHEAD>IGST</GSTRATEDUTYHEAD>
       <GSTRATEVALUATIONTYPE>Based on Value</GSTRATEVALUATIONTYPE>
       <GSTRATE> 15</GSTRATE>
       <GSTRATEPERUNIT>0</GSTRATEPERUNIT>
      </RATEDETAILS.LIST>
      <RATEDETAILS.LIST>
       <GSTRATEDUTYHEAD>Cess</GSTRATEDUTYHEAD>
       <GSTRATEVALUATIONTYPE>&#4; Not Applicable</GSTRATEVALUATIONTYPE>
       <GSTRATE>0</GSTRATE>
       <GSTRATEPERUNIT>0</GSTRATEPERUNIT>
      </RATEDETAILS.LIST>
      <RATEDETAILS.LIST>
       <GSTRATEDUTYHEAD>State Cess</GSTRATEDUTYHEAD>
       <GSTRATEVALUATIONTYPE>Based on Value</GSTRATEVALUATIONTYPE>
       <GSTRATE>0</GSTRATE>
       <GSTRATEPERUNIT>0</GSTRATEPERUNIT>
      </RATEDETAILS.LIST>
      <SUPPLEMENTARYDUTYHEADDETAILS.LIST>      </SUPPLEMENTARYDUTYHEADDETAILS.LIST>
      <TAXOBJECTALLOCATIONS.LIST>      </TAXOBJECTALLOCATIONS.LIST>
      <REFVOUCHERDETAILS.LIST>      </REFVOUCHERDETAILS.LIST>
      <EXCISEALLOCATIONS.LIST>      </EXCISEALLOCATIONS.LIST>
      <EXPENSEALLOCATIONS.LIST>      </EXPENSEALLOCATIONS.LIST>
     </ALLINVENTORYENTRIES.LIST>
     <LEDGERENTRIES.LIST>
      <LEDGERNAME TYPE="String">Sudhir Traders</LEDGERNAME>
      <ISDEEMEDPOSITIVE TYPE="Logical">No</ISDEEMEDPOSITIVE>
      <ISLASTDEEMEDPOSITIVE TYPE="Logical">No</ISLASTDEEMEDPOSITIVE>
      <AMOUNT TYPE="Amount">1755.00</AMOUNT>
      <BILLALLOCATIONS.LIST>
       <AMOUNT TYPE="Amount">1755.00</AMOUNT>
      </BILLALLOCATIONS.LIST>
      <COSTTRACKALLOCATIONS.LIST>      </COSTTRACKALLOCATIONS.LIST>
     </LEDGERENTRIES.LIST>
     <LEDGERENTRIES.LIST>
      <LEDGERNAME TYPE="String">IGST 18%</LEDGERNAME>
      <ISDEEMEDPOSITIVE TYPE="Logical">Yes</ISDEEMEDPOSITIVE>
      <ISLASTDEEMEDPOSITIVE TYPE="Logical">Yes</ISLASTDEEMEDPOSITIVE>
      <AMOUNT TYPE="Amount">-180.00</AMOUNT>
      <BILLALLOCATIONS.LIST>      </BILLALLOCATIONS.LIST>
      <COSTTRACKALLOCATIONS.LIST>      </COSTTRACKALLOCATIONS.LIST>
     </LEDGERENTRIES.LIST>
     <LEDGERENTRIES.LIST>
      <LEDGERNAME TYPE="String">IGST 15%</LEDGERNAME>
      <ISDEEMEDPOSITIVE TYPE="Logical">Yes</ISDEEMEDPOSITIVE>
      <ISLASTDEEMEDPOSITIVE TYPE="Logical">Yes</ISLASTDEEMEDPOSITIVE>
      <AMOUNT TYPE="Amount">-75.00</AMOUNT>
      <BILLALLOCATIONS.LIST>      </BILLALLOCATIONS.LIST>
      <COSTTRACKALLOCATIONS.LIST>      </COSTTRACKALLOCATIONS.LIST>
     </LEDGERENTRIES.LIST>
     <ALLLEDGERENTRIES.LIST>
      <OLDAUDITENTRYIDS.LIST TYPE="Number">
       <OLDAUDITENTRYIDS>-1</OLDAUDITENTRYIDS>
      </OLDAUDITENTRYIDS.LIST>
      <ORIGPURCHINVDATE/>
      <NARRATION/>
      <ADDLALLOCTYPE/>
      <TAXCLASSIFICATIONNAME/>
      <APPROPRIATEFOR/>
      <GSTDUTYHEAD/>
      <GSTAPPROPRIATETO/>
      <NOTIFICATIONSLNO/>
      <EXCISEALLOCTYPE/>
      <SWIFTCODE/>
      <ROUNDTYPE/>
      <LEDGERNAME>Sudhir Traders</LEDGERNAME>
      <TAXUNITNAME/>
      <STATNATURENAME/>
      <GOODSTYPE/>
      <VATTRADENAME/>
      <METHODTYPE/>
      <CLASSRATE/>
      <STATCLASSIFICATIONNAME/>
      <EXCISECLASSIFICATIONNAME/>
      <ISZRBASICSERVICE/>
      <VATCOMMODITYNAME/>
      <SCHEDULE/>
      <SCHEDULESERIALNUMBER/>
      <VATCOMMODITYCODE/>
      <VATSUBCOMMODITYCODE/>
      <VATMAJORCOMMODITYNAME/>
      <STRDGSTDERIVEDLOCATIONTYPE/>
      <STRDGSTDERIVEDTAXABILITY/>
      <STRDGSTDERIVEDNATURETYPE/>
      <STRDGSTDERIVEDSUPPLYTYPE/>
      <TDSPARTYNAME/>
      <VATPARTYORGNAME/>
      <XBRLADJTYPE/>
      <VOUCHERFBTCATEGORY/>
      <TYPEOFTAXPAYMENT/>
      <VATCALCULATIONTYPE/>
      <VATWORKSCONTRACTTYPE/>
      <VATWCDESCRIPTION/>
      <GSTCLASS>&#4; Not Applicable</GSTCLASS>
      <SCHVIADJTYPE/>
      <GSTOVRDNCLASSIFICATION/>
      <GSTOVRDNNATURE/>
      <GSTOVRDNINELIGIBLEITC/>
      <GSTOVRDNISREVCHARGEAPPL/>
      <GSTOVRDNTAXABILITY/>
      <GSTHSNSACCODE/>
      <GSTSOURCETYPE/>
      <GSTITEMSOURCE/>
      <GSTLEDGERSOURCE/>
      <GSTGROUPSOURCE/>
      <GSTSTOCKGROUPSOURCE/>
      <HSNSOURCETYPE/>
      <HSNITEMSOURCE/>
      <HSNLEDGERSOURCE/>
      <HSNGROUPSOURCE/>
      <HSNSTOCKGROUPSOURCE/>
      <GSTOVRDNSTOREDNATURE/>
      <GSTOVRDNTYPEOFSUPPLY/>
      <GSTRATEINFERAPPLICABILITY/>
      <GSTOVRDNNATUREOFGOODS/>
      <GSTHSNNAME/>
      <GSTHSNDESCRIPTION/>
      <GSTHSNINFERAPPLICABILITY/>
      <HSNOVRDNCLASSIFICATION/>
      <STRDGSTFINALNATUREOFENTRY/>
      <STRDGSTDUTYHEAD/>
      <VATGOODSNATURE/>
      <GSTDEPGSTCLASSIFICATION/>
      <GSTDEPHSNCLASSIFICATION/>
      <POSPAYMENTTYPE/>
      <GSTPARTYLEDGER/>
      <ORIGPURCHPARTY/>
      <ORIGPURCHPARTYADDRESS/>
      <ORIGPURCHINVNO/>
      <ORIGPURCHNOTE/>
      <ISDEEMEDPOSITIVE>No</ISDEEMEDPOSITIVE>
      <LEDGERFROMITEM>No</LEDGERFROMITEM>
      <REMOVEZEROENTRIES/>
      <ISPARTYLEDGER>Yes</ISPARTYLEDGER>
      <GSTOVERRIDDEN>No</GSTOVERRIDDEN>
      <ISGSTASSESSABLEVALUEOVERRIDDEN>No</ISGSTASSESSABLEVALUEOVERRIDDEN>
      <STRDISGSTAPPLICABLE>No</STRDISGSTAPPLICABLE>
      <STRDGSTISPARTYLEDGER>No</STRDGSTISPARTYLEDGER>
      <STRDGSTISDUTYLEDGER>No</STRDGSTISDUTYLEDGER>
      <CONTENTNEGISPOS/>
      <ISLASTDEEMEDPOSITIVE>No</ISLASTDEEMEDPOSITIVE>
      <ISCAPVATTAXALTERED/>
      <ISCAPVATNOTCLAIMED>No</ISCAPVATNOTCLAIMED>
      <STCRADJPERCENT>0</STCRADJPERCENT>
      <ROUNDLIMIT>0</ROUNDLIMIT>
      <RATEOFADDLVAT>0</RATEOFADDLVAT>
      <RATEOFCESSONVAT>0</RATEOFCESSONVAT>
      <VATTAXRATE>0</VATTAXRATE>
      <VATITEMQTY>0</VATITEMQTY>
      <VATWCDEDUCTRATE>0</VATWCDEDUCTRATE>
      <PREVINVTOTALNUM>0</PREVINVTOTALNUM>
      <VATWCDEDUCTIONRATE>0</VATWCDEDUCTIONRATE>
      <GSTTAXRATE>0</GSTTAXRATE>
      <ORIGINVGOODSQTY>0</ORIGINVGOODSQTY>
      <CAPVATTAXRATE>0</CAPVATTAXRATE>
      <AMOUNT>1755.00</AMOUNT>
      <CESSASSVALONCLASS/>
      <ADDNLVATCLASSAMT/>
      <EIDISCOUNTAMT/>
      <FBTEXEMPTAMOUNT/>
      <VATASSESSABLEVALUE/>
      <VATWCCOSTOFLAND/>
      <VATWCDEDLABOURCHARGES/>
      <VATWCOTHERDEDUCTIONAMT/>
      <VATWCVALUEOFTAXFREEGOODS/>
      <VATWCOTHERCHARGES/>
      <VATWCSUBCONTRACTORAMT/>
      <VATWCDEDUCTAMT/>
      <WCTOTALDEDUCTIONAMT/>
      <PREVAMOUNT/>
      <PREVINVTOTALAMT/>
      <VATWCDEDUCTIONAMOUNT/>
      <ORIGINVGOODSVALUE/>
      <CENVATCAPTINPUTAMT/>
      <GSTASSESSABLEVALUE/>
      <IGSTLIABILITY/>
      <CGSTLIABILITY/>
      <SGSTLIABILITY/>
      <GSTCESSLIABILITY/>
      <GSTOVRDNASSESSABLEVALUE/>
      <GSTASSBLVALUE/>
      <STRDCOMPUTEDASSESSABLEVALUE/>
      <STRDCOMPUTEDIGST/>
      <STRDCOMPUTEDCGST/>
      <STRDCOMPUTEDSGST/>
      <STRDCOMPUTEDCESS/>
      <STRDCOMPUTEDCESSONQTY/>
      <ORIGINVGOODSTAXVALUE/>
      <VATWCESTABLISHMENTCOST/>
      <VATWCCONTRACTORPROFIT/>
      <VATWCPLANNINGDESIGNFEES/>
      <VATWCMACHINERYTOOLSCHARGES/>
      <VATWCCONSUMABLESCOST/>
      <VATEXPAMOUNT/>
      <VATASSBLVALUE/>
      <VATACCEPTEDTAXAMT/>
      <VATACCEPTEDADDLTAXAMT/>
      <CASHRECEIVED/>
      <CAPVATASSEABLEVALUE/>
      <CAPVATTAXVALUE/>
      <ORIGPURCHVALUE/>
      <SUPPLYMARGVAL/>
      <STRDAPPRSTATECESSGST/>
      <STRDAPPROPRIATEDDISCOUNT/>
      <STRDEXCISETAX/>
      <SERVICETAXDETAILS.LIST>      </SERVICETAXDETAILS.LIST>
      <BANKALLOCATIONS.LIST>      </BANKALLOCATIONS.LIST>
      <BILLALLOCATIONS.LIST>
       <BILLDATE TYPE="Date">20260701</BILLDATE>
       <YEAREND/>
       <BILLCREATIONDATE TYPE="Date">20260701</BILLCREATIONDATE>
       <NAME>5</NAME>
       <BILLCREDITPERIOD/>
       <TDSDEDUCTEESECTIONNUMBER/>
       <TDSLEDGERNC/>
       <SERVICETAXLEDGER/>
       <BILLTYPE>New Ref</BILLTYPE>
       <SUMNAME/>
       <TDSDEDUCTEEISSPECIALRATE>No</TDSDEDUCTEEISSPECIALRATE>
       <TDSDEDUCTEESPECIALRATE>0</TDSDEDUCTEESPECIALRATE>
       <BILLID TYPE="Number"> 14</BILLID>
       <AMOUNT>1755.00</AMOUNT>
       <INTERESTCOLLECTION.LIST>       </INTERESTCOLLECTION.LIST>
       <STBILLCATEGORIES.LIST>       </STBILLCATEGORIES.LIST>
      </BILLALLOCATIONS.LIST>
      <INTERESTCOLLECTION.LIST>      </INTERESTCOLLECTION.LIST>
      <OLDAUDITENTRIES.LIST>      </OLDAUDITENTRIES.LIST>
      <ACCOUNTAUDITENTRIES.LIST>      </ACCOUNTAUDITENTRIES.LIST>
      <AUDITENTRIES.LIST>      </AUDITENTRIES.LIST>
      <INPUTCRALLOCS.LIST>      </INPUTCRALLOCS.LIST>
      <DUTYHEADDETAILS.LIST>      </DUTYHEADDETAILS.LIST>
      <EXCISEDUTYHEADDETAILS.LIST>      </EXCISEDUTYHEADDETAILS.LIST>
      <RATEDETAILS.LIST>      </RATEDETAILS.LIST>
      <SUMMARYALLOCS.LIST>      </SUMMARYALLOCS.LIST>
      <CENVATDUTYALLOCATIONS.LIST>      </CENVATDUTYALLOCATIONS.LIST>
      <STPYMTDETAILS.LIST>      </STPYMTDETAILS.LIST>
      <EXCISEPAYMENTALLOCATIONS.LIST>      </EXCISEPAYMENTALLOCATIONS.LIST>
      <TAXBILLALLOCATIONS.LIST>      </TAXBILLALLOCATIONS.LIST>
      <TAXOBJECTALLOCATIONS.LIST>      </TAXOBJECTALLOCATIONS.LIST>
      <TDSEXPENSEALLOCATIONS.LIST>      </TDSEXPENSEALLOCATIONS.LIST>
      <VATSTATUTORYDETAILS.LIST>      </VATSTATUTORYDETAILS.LIST>
      <COSTTRACKALLOCATIONS.LIST>      </COSTTRACKALLOCATIONS.LIST>
      <REFVOUCHERDETAILS.LIST>      </REFVOUCHERDETAILS.LIST>
      <INVOICEWISEDETAILS.LIST>      </INVOICEWISEDETAILS.LIST>
      <VATITCDETAILS.LIST>      </VATITCDETAILS.LIST>
      <ADVANCETAXDETAILS.LIST>      </ADVANCETAXDETAILS.LIST>
      <TAXTYPEALLOCATIONS.LIST>      </TAXTYPEALLOCATIONS.LIST>
     </ALLLEDGERENTRIES.LIST>
     <ALLLEDGERENTRIES.LIST>
      <OLDAUDITENTRYIDS.LIST TYPE="Number">
       <OLDAUDITENTRYIDS>-1</OLDAUDITENTRYIDS>
      </OLDAUDITENTRYIDS.LIST>
      <ORIGPURCHINVDATE/>
      <NARRATION/>
      <ADDLALLOCTYPE/>
      <TAXCLASSIFICATIONNAME/>
      <APPROPRIATEFOR/>
      <GSTDUTYHEAD/>
      <GSTAPPROPRIATETO/>
      <NOTIFICATIONSLNO/>
      <EXCISEALLOCTYPE/>
      <SWIFTCODE/>
      <ROUNDTYPE/>
      <LEDGERNAME>Purchase Igst</LEDGERNAME>
      <TAXUNITNAME/>
      <STATNATURENAME/>
      <GOODSTYPE/>
      <VATTRADENAME/>
      <METHODTYPE/>
      <CLASSRATE/>
      <STATCLASSIFICATIONNAME/>
      <EXCISECLASSIFICATIONNAME/>
      <ISZRBASICSERVICE/>
      <VATCOMMODITYNAME/>
      <SCHEDULE/>
      <SCHEDULESERIALNUMBER/>
      <VATCOMMODITYCODE/>
      <VATSUBCOMMODITYCODE/>
      <VATMAJORCOMMODITYNAME/>
      <STRDGSTDERIVEDLOCATIONTYPE/>
      <STRDGSTDERIVEDTAXABILITY/>
      <STRDGSTDERIVEDNATURETYPE/>
      <STRDGSTDERIVEDSUPPLYTYPE/>
      <TDSPARTYNAME/>
      <VATPARTYORGNAME/>
      <XBRLADJTYPE/>
      <VOUCHERFBTCATEGORY/>
      <TYPEOFTAXPAYMENT/>
      <VATCALCULATIONTYPE/>
      <VATWORKSCONTRACTTYPE/>
      <VATWCDESCRIPTION/>
      <GSTCLASS>&#4; Not Applicable</GSTCLASS>
      <SCHVIADJTYPE/>
      <GSTOVRDNCLASSIFICATION/>
      <GSTOVRDNNATURE/>
      <GSTOVRDNINELIGIBLEITC/>
      <GSTOVRDNISREVCHARGEAPPL/>
      <GSTOVRDNTAXABILITY/>
      <GSTHSNSACCODE/>
      <GSTSOURCETYPE/>
      <GSTITEMSOURCE/>
      <GSTLEDGERSOURCE/>
      <GSTGROUPSOURCE/>
      <GSTSTOCKGROUPSOURCE/>
      <HSNSOURCETYPE/>
      <HSNITEMSOURCE/>
      <HSNLEDGERSOURCE/>
      <HSNGROUPSOURCE/>
      <HSNSTOCKGROUPSOURCE/>
      <GSTOVRDNSTOREDNATURE/>
      <GSTOVRDNTYPEOFSUPPLY/>
      <GSTRATEINFERAPPLICABILITY/>
      <GSTOVRDNNATUREOFGOODS/>
      <GSTHSNNAME/>
      <GSTHSNDESCRIPTION/>
      <GSTHSNINFERAPPLICABILITY/>
      <HSNOVRDNCLASSIFICATION/>
      <STRDGSTFINALNATUREOFENTRY/>
      <STRDGSTDUTYHEAD/>
      <VATGOODSNATURE/>
      <GSTDEPGSTCLASSIFICATION/>
      <GSTDEPHSNCLASSIFICATION/>
      <POSPAYMENTTYPE/>
      <GSTPARTYLEDGER/>
      <ORIGPURCHPARTY/>
      <ORIGPURCHPARTYADDRESS/>
      <ORIGPURCHINVNO/>
      <ORIGPURCHNOTE/>
      <ISDEEMEDPOSITIVE>Yes</ISDEEMEDPOSITIVE>
      <LEDGERFROMITEM>No</LEDGERFROMITEM>
      <REMOVEZEROENTRIES/>
      <ISPARTYLEDGER>No</ISPARTYLEDGER>
      <GSTOVERRIDDEN>No</GSTOVERRIDDEN>
      <ISGSTASSESSABLEVALUEOVERRIDDEN>No</ISGSTASSESSABLEVALUEOVERRIDDEN>
      <STRDISGSTAPPLICABLE>No</STRDISGSTAPPLICABLE>
      <STRDGSTISPARTYLEDGER>No</STRDGSTISPARTYLEDGER>
      <STRDGSTISDUTYLEDGER>No</STRDGSTISDUTYLEDGER>
      <CONTENTNEGISPOS/>
      <ISLASTDEEMEDPOSITIVE>Yes</ISLASTDEEMEDPOSITIVE>
      <ISCAPVATTAXALTERED/>
      <ISCAPVATNOTCLAIMED>No</ISCAPVATNOTCLAIMED>
      <STCRADJPERCENT>0</STCRADJPERCENT>
      <ROUNDLIMIT>0</ROUNDLIMIT>
      <RATEOFADDLVAT>0</RATEOFADDLVAT>
      <RATEOFCESSONVAT>0</RATEOFCESSONVAT>
      <VATTAXRATE>0</VATTAXRATE>
      <VATITEMQTY>0</VATITEMQTY>
      <VATWCDEDUCTRATE>0</VATWCDEDUCTRATE>
      <PREVINVTOTALNUM>0</PREVINVTOTALNUM>
      <VATWCDEDUCTIONRATE>0</VATWCDEDUCTIONRATE>
      <GSTTAXRATE>0</GSTTAXRATE>
      <ORIGINVGOODSQTY>0</ORIGINVGOODSQTY>
      <CAPVATTAXRATE>0</CAPVATTAXRATE>
      <AMOUNT>-1500.00</AMOUNT>
      <CESSASSVALONCLASS/>
      <ADDNLVATCLASSAMT/>
      <EIDISCOUNTAMT/>
      <FBTEXEMPTAMOUNT/>
      <VATASSESSABLEVALUE/>
      <VATWCCOSTOFLAND/>
      <VATWCDEDLABOURCHARGES/>
      <VATWCOTHERDEDUCTIONAMT/>
      <VATWCVALUEOFTAXFREEGOODS/>
      <VATWCOTHERCHARGES/>
      <VATWCSUBCONTRACTORAMT/>
      <VATWCDEDUCTAMT/>
      <WCTOTALDEDUCTIONAMT/>
      <PREVAMOUNT/>
      <PREVINVTOTALAMT/>
      <VATWCDEDUCTIONAMOUNT/>
      <ORIGINVGOODSVALUE/>
      <CENVATCAPTINPUTAMT/>
      <GSTASSESSABLEVALUE/>
      <IGSTLIABILITY/>
      <CGSTLIABILITY/>
      <SGSTLIABILITY/>
      <GSTCESSLIABILITY/>
      <GSTOVRDNASSESSABLEVALUE/>
      <GSTASSBLVALUE/>
      <STRDCOMPUTEDASSESSABLEVALUE/>
      <STRDCOMPUTEDIGST/>
      <STRDCOMPUTEDCGST/>
      <STRDCOMPUTEDSGST/>
      <STRDCOMPUTEDCESS/>
      <STRDCOMPUTEDCESSONQTY/>
      <ORIGINVGOODSTAXVALUE/>
      <VATWCESTABLISHMENTCOST/>
      <VATWCCONTRACTORPROFIT/>
      <VATWCPLANNINGDESIGNFEES/>
      <VATWCMACHINERYTOOLSCHARGES/>
      <VATWCCONSUMABLESCOST/>
      <VATEXPAMOUNT/>
      <VATASSBLVALUE/>
      <VATACCEPTEDTAXAMT/>
      <VATACCEPTEDADDLTAXAMT/>
      <CASHRECEIVED/>
      <CAPVATASSEABLEVALUE/>
      <CAPVATTAXVALUE/>
      <ORIGPURCHVALUE/>
      <SUPPLYMARGVAL/>
      <STRDAPPRSTATECESSGST/>
      <STRDAPPROPRIATEDDISCOUNT/>
      <STRDEXCISETAX/>
      <SERVICETAXDETAILS.LIST>      </SERVICETAXDETAILS.LIST>
      <BANKALLOCATIONS.LIST>      </BANKALLOCATIONS.LIST>
      <BILLALLOCATIONS.LIST>      </BILLALLOCATIONS.LIST>
      <INTERESTCOLLECTION.LIST>      </INTERESTCOLLECTION.LIST>
      <OLDAUDITENTRIES.LIST>      </OLDAUDITENTRIES.LIST>
      <ACCOUNTAUDITENTRIES.LIST>      </ACCOUNTAUDITENTRIES.LIST>
      <AUDITENTRIES.LIST>      </AUDITENTRIES.LIST>
      <INPUTCRALLOCS.LIST>      </INPUTCRALLOCS.LIST>
      <INVENTORYALLOCATIONS.LIST>
       <ORIGINVOICEDATE/>
       <ORIGSALESINVDATE/>
       <DESCRIPTION/>
       <STOCKITEMNAME>3/4 CPVC Elbow</STOCKITEMNAME>
       <STATNATURENAME/>
       <EXCISECLASSIFICATIONNAME/>
       <ISZRBASICSERVICE/>
       <STRDGSTDERIVEDLOCATIONTYPE/>
       <STRDGSTDERIVEDTAXABILITY/>
       <STRDGSTDERIVEDNATURETYPE/>
       <STRDGSTDERIVEDSUPPLYTYPE/>
       <GSTOVRDNCLASSIFICATION/>
       <GSTOVRDNNATURE/>
       <GSTOVRDNINELIGIBLEITC>&#4; Not Applicable</GSTOVRDNINELIGIBLEITC>
       <GSTOVRDNISREVCHARGEAPPL>&#4; Not Applicable</GSTOVRDNISREVCHARGEAPPL>
       <GSTOVRDNTAXABILITY>Taxable</GSTOVRDNTAXABILITY>
       <GSTSOURCETYPE/>
       <GSTITEMSOURCE/>
       <GSTLEDGERSOURCE/>
       <GSTGROUPSOURCE/>
       <GSTSTOCKGROUPSOURCE/>
       <HSNSOURCETYPE>Stock Item</HSNSOURCETYPE>
       <HSNITEMSOURCE>3/4 CPVC Elbow</HSNITEMSOURCE>
       <HSNLEDGERSOURCE/>
       <HSNGROUPSOURCE/>
       <HSNSTOCKGROUPSOURCE/>
       <GSTOVRDNSTOREDNATURE>Interstate Purchase - Taxable</GSTOVRDNSTOREDNATURE>
       <GSTOVRDNTYPEOFSUPPLY>Goods</GSTOVRDNTYPEOFSUPPLY>
       <GSTRATEINFERAPPLICABILITY>Specify Details Here</GSTRATEINFERAPPLICABILITY>
       <GSTOVRDNNATUREOFGOODS/>
       <GSTHSNNAME>3918</GSTHSNNAME>
       <GSTHSNDESCRIPTION/>
       <GSTHSNINFERAPPLICABILITY>As per Masters/Company</GSTHSNINFERAPPLICABILITY>
       <HSNOVRDNCLASSIFICATION/>
       <STRDGSTFINALNATUREOFENTRY/>
       <GSTDEPGSTCLASSIFICATION/>
       <GSTDEPHSNCLASSIFICATION/>
       <EXCISETARIFF/>
       <EXCISEEXEMPTION/>
       <TRADERCNSALESNUMBER/>
       <BASICPACKAGEMARKS/>
       <BASICNUMPACKAGES/>
       <SDTAXCLASSIFICATIONNAME/>
       <NATUREOFCOMPONENT/>
       <COMPONENTLISTTYPE/>
       <DISPLAYNATUREOFCOMPONENT/>
       <BOMNAME/>
       <ORIGINVOICENUMBER/>
       <ORIGINVOICEBOOKNAME/>
       <ORIGSALESINVNO/>
       <EXCISERETURNINVOICENO/>
       <REASONOFREJECTION/>
       <EXCISECREDITPARTY/>
       <EXCISECREDITSTKITEM/>
       <EXCISECREDITCATEGORY/>
       <TRADERSUPPLIERINVOICENO/>
       <EXCISESALESINVOICENO/>
       <GSTITEMUQC/>
       <GSTITEMUQCUOM/>
       <ADDLAMOUNT/>
       <ISDEEMEDPOSITIVE>Yes</ISDEEMEDPOSITIVE>
       <ISGSTASSESSABLEVALUEOVERRIDDEN/>
       <STRDISGSTAPPLICABLE/>
       <CONTENTNEGISPOS/>
       <ISLASTDEEMEDPOSITIVE>Yes</ISLASTDEEMEDPOSITIVE>
       <ISAUTONEGATE>No</ISAUTONEGATE>
       <ISCUSTOMSCLEARANCE/>
       <ISTRACKCOMPONENT/>
       <ISTRACKPRODUCTION/>
       <ISPRIMARYITEM/>
       <ISSCRAP>No</ISSCRAP>
       <RATE>10.00/Nos</RATE>
       <DISCOUNT>0</DISCOUNT>
       <VATTAXRATE>0</VATTAXRATE>
       <ORIGINVGOODSQTY>0</ORIGINVGOODSQTY>
       <EXCISEMRPABATEMENT>0</EXCISEMRPABATEMENT>
       <ADDLCOSTPERC>0</ADDLCOSTPERC>
       <REVISEDRATEOFDUTY>0</REVISEDRATEOFDUTY>
       <ORIGRATEOFDUTY>0</ORIGRATEOFDUTY>
       <ORIGMRPABATEMENT>0</ORIGMRPABATEMENT>
       <EXCISERETURNDUTYRATE>0</EXCISERETURNDUTYRATE>
       <GVATEXCISERATE>0</GVATEXCISERATE>
       <AMOUNT>-1000.00</AMOUNT>
       <EXCISEASSESSABLEVALUE/>
       <CESSASSVALONCLASS/>
       <EIDISCOUNTAMT/>
       <VATASSESSABLEVALUE/>
       <VATWCDEDUCTAMT/>
       <WCTOTALDEDUCTIONAMT/>
       <ORIGINVGOODSVALUE/>
       <GSTOVRDNASSESSABLEVALUE/>
       <GSTASSBLVALUE/>
       <STRDCOMPUTEDASSESSABLEVALUE/>
       <STRDCOMPUTEDIGST/>
       <STRDCOMPUTEDCGST/>
       <STRDCOMPUTEDSGST/>
       <STRDCOMPUTEDCESS/>
       <STRDCOMPUTEDCESSONQTY/>
       <ORIGINVGOODSTAXVALUE/>
       <VATASSBLVALUE/>
       <VATACCEPTEDTAXAMT/>
       <VATACCEPTEDADDLTAXAMT/>
       <STRDAPPRSTATECESSGST/>
       <STRDAPPROPRIATEDDISCOUNT/>
       <STRDEXCISETAX/>
       <VATINPUTTAXCREDIT/>
       <VATELIGIBLECREDIT/>
       <GVATEXCISEAMT/>
       <ACTUALQTY> 100 Nos</ACTUALQTY>
       <BILLEDQTY> 100 Nos</BILLEDQTY>
       <ORIGACTUALQTY/>
       <ORIGBILLEDQTY/>
       <EXCISERETURNINVOICEQTY/>
       <USABLEQTY/>
       <EXCISECREDITPENDINGQTY/>
       <MRPRATE/>
       <EXCISEMRPRATE/>
       <ORIGRATE/>
       <REVISEDRATE/>
       <ESCALATIONRATE/>
       <ORIGMRPRATE/>
       <ORIGRATEOFQTY/>
       <REVISEDRATEOFQTY/>
       <INCLVATRATE/>
       <BATCHALLOCATIONS.LIST>
        <MFDON/>
        <ORDERYEAREND/>
        <TRACKINGYEAREND/>
        <ORDERPRECLOSUREDATE/>
        <NARRATION/>
        <GODOWNNAME>Main Location</GODOWNNAME>
        <BATCHNAME>Primary Batch</BATCHNAME>
        <DESTINATIONGODOWNNAME>Main Location</DESTINATIONGODOWNNAME>
        <INDENTNO>&#4; Not Applicable</INDENTNO>
        <ORDERTYPE/>
        <PARENTITEM/>
        <ORDERCLOSUREREASON/>
        <ORDERNO>&#4; Not Applicable</ORDERNO>
        <TRACKINGNUMBER>&#4; Not Applicable</TRACKINGNUMBER>
        <DYNAMICCSTNO/>
        <DYNAMICCSTPARENTITEM/>
        <SUMDYNAMICCSTNO/>
        <SUMBATCHNAME/>
        <SUMTRACKINGNUMBER/>
        <SUMORDERNO/>
        <SUMINDENTNO/>
        <ADDLAMOUNT/>
        <DYNAMICCSTISCLEARED>No</DYNAMICCSTISCLEARED>
        <BATCHID TYPE="Number"> 2</BATCHID>
        <BATCHDISCOUNT TYPE="Number">0</BATCHDISCOUNT>
        <AMOUNT>-1000.00</AMOUNT>
        <ADDLEXPENSEAMOUNT/>
        <BATCHDIFFVAL/>
        <ACTUALQTY> 100 Nos</ACTUALQTY>
        <BILLEDQTY> 100 Nos</BILLEDQTY>
        <ORDERPRECLOSUREQTY/>
        <ORIGACTUALQTY/>
        <ORIGBILLEDQTY/>
        <BATCHPHYSDIFF/>
        <ORIGRATE/>
        <REVISEDRATE/>
        <ESCALATIONRATE/>
        <INCLVATRATE/>
        <BATCHRATE TYPE="Rate">10.00/Nos</BATCHRATE>
        <EXPIRYPERIOD/>
        <INDENTDUEDATE/>
        <ORDERDUEDATE/>
        <ADDITIONALDETAILS.LIST>        </ADDITIONALDETAILS.LIST>
        <VOUCHERCOMPONENTLIST.LIST>        </VOUCHERCOMPONENTLIST.LIST>
       </BATCHALLOCATIONS.LIST>
       <DUTYHEADDETAILS.LIST>       </DUTYHEADDETAILS.LIST>
       <RATEDETAILS.LIST>
        <GSTRATEDUTYHEAD>CGST</GSTRATEDUTYHEAD>
        <GSTRATEVALUATIONTYPE>Based on Value</GSTRATEVALUATIONTYPE>
        <GSTRATE> 9</GSTRATE>
        <GSTRATEPERUNIT>0</GSTRATEPERUNIT>
       </RATEDETAILS.LIST>
       <RATEDETAILS.LIST>
        <GSTRATEDUTYHEAD>SGST/UTGST</GSTRATEDUTYHEAD>
        <GSTRATEVALUATIONTYPE>Based on Value</GSTRATEVALUATIONTYPE>
        <GSTRATE> 9</GSTRATE>
        <GSTRATEPERUNIT>0</GSTRATEPERUNIT>
       </RATEDETAILS.LIST>
       <RATEDETAILS.LIST>
        <GSTRATEDUTYHEAD>IGST</GSTRATEDUTYHEAD>
        <GSTRATEVALUATIONTYPE>Based on Value</GSTRATEVALUATIONTYPE>
        <GSTRATE> 18</GSTRATE>
        <GSTRATEPERUNIT>0</GSTRATEPERUNIT>
       </RATEDETAILS.LIST>
       <RATEDETAILS.LIST>
        <GSTRATEDUTYHEAD>Cess</GSTRATEDUTYHEAD>
        <GSTRATEVALUATIONTYPE>&#4; Not Applicable</GSTRATEVALUATIONTYPE>
        <GSTRATE>0</GSTRATE>
        <GSTRATEPERUNIT>0</GSTRATEPERUNIT>
       </RATEDETAILS.LIST>
       <RATEDETAILS.LIST>
        <GSTRATEDUTYHEAD>State Cess</GSTRATEDUTYHEAD>
        <GSTRATEVALUATIONTYPE>Based on Value</GSTRATEVALUATIONTYPE>
        <GSTRATE>0</GSTRATE>
        <GSTRATEPERUNIT>0</GSTRATEPERUNIT>
       </RATEDETAILS.LIST>
       <SUPPLEMENTARYDUTYHEADDETAILS.LIST>       </SUPPLEMENTARYDUTYHEADDETAILS.LIST>
       <TAXOBJECTALLOCATIONS.LIST>       </TAXOBJECTALLOCATIONS.LIST>
       <COSTTRACKALLOCATIONS.LIST>       </COSTTRACKALLOCATIONS.LIST>
       <REFVOUCHERDETAILS.LIST>       </REFVOUCHERDETAILS.LIST>
       <EXCISEALLOCATIONS.LIST>       </EXCISEALLOCATIONS.LIST>
       <EXPENSEALLOCATIONS.LIST>       </EXPENSEALLOCATIONS.LIST>
      </INVENTORYALLOCATIONS.LIST>
      <INVENTORYALLOCATIONS.LIST>
       <ORIGINVOICEDATE/>
       <ORIGSALESINVDATE/>
       <DESCRIPTION/>
       <STOCKITEMNAME>GI Nipple</STOCKITEMNAME>
       <STATNATURENAME/>
       <EXCISECLASSIFICATIONNAME/>
       <ISZRBASICSERVICE/>
       <STRDGSTDERIVEDLOCATIONTYPE/>
       <STRDGSTDERIVEDTAXABILITY/>
       <STRDGSTDERIVEDNATURETYPE/>
       <STRDGSTDERIVEDSUPPLYTYPE/>
       <GSTOVRDNCLASSIFICATION/>
       <GSTOVRDNNATURE/>
       <GSTOVRDNINELIGIBLEITC>&#4; Not Applicable</GSTOVRDNINELIGIBLEITC>
       <GSTOVRDNISREVCHARGEAPPL>&#4; Not Applicable</GSTOVRDNISREVCHARGEAPPL>
       <GSTOVRDNTAXABILITY>Taxable</GSTOVRDNTAXABILITY>
       <GSTSOURCETYPE/>
       <GSTITEMSOURCE/>
       <GSTLEDGERSOURCE/>
       <GSTGROUPSOURCE/>
       <GSTSTOCKGROUPSOURCE/>
       <HSNSOURCETYPE>Stock Item</HSNSOURCETYPE>
       <HSNITEMSOURCE>GI Nipple</HSNITEMSOURCE>
       <HSNLEDGERSOURCE/>
       <HSNGROUPSOURCE/>
       <HSNSTOCKGROUPSOURCE/>
       <GSTOVRDNSTOREDNATURE>Interstate Purchase - Taxable</GSTOVRDNSTOREDNATURE>
       <GSTOVRDNTYPEOFSUPPLY>Goods</GSTOVRDNTYPEOFSUPPLY>
       <GSTRATEINFERAPPLICABILITY>Specify Details Here</GSTRATEINFERAPPLICABILITY>
       <GSTOVRDNNATUREOFGOODS/>
       <GSTHSNNAME>39123</GSTHSNNAME>
       <GSTHSNDESCRIPTION/>
       <GSTHSNINFERAPPLICABILITY>As per Masters/Company</GSTHSNINFERAPPLICABILITY>
       <HSNOVRDNCLASSIFICATION/>
       <STRDGSTFINALNATUREOFENTRY/>
       <GSTDEPGSTCLASSIFICATION/>
       <GSTDEPHSNCLASSIFICATION/>
       <EXCISETARIFF/>
       <EXCISEEXEMPTION/>
       <TRADERCNSALESNUMBER/>
       <BASICPACKAGEMARKS/>
       <BASICNUMPACKAGES/>
       <SDTAXCLASSIFICATIONNAME/>
       <NATUREOFCOMPONENT/>
       <COMPONENTLISTTYPE/>
       <DISPLAYNATUREOFCOMPONENT/>
       <BOMNAME/>
       <ORIGINVOICENUMBER/>
       <ORIGINVOICEBOOKNAME/>
       <ORIGSALESINVNO/>
       <EXCISERETURNINVOICENO/>
       <REASONOFREJECTION/>
       <EXCISECREDITPARTY/>
       <EXCISECREDITSTKITEM/>
       <EXCISECREDITCATEGORY/>
       <TRADERSUPPLIERINVOICENO/>
       <EXCISESALESINVOICENO/>
       <GSTITEMUQC/>
       <GSTITEMUQCUOM/>
       <ADDLAMOUNT/>
       <ISDEEMEDPOSITIVE>Yes</ISDEEMEDPOSITIVE>
       <ISGSTASSESSABLEVALUEOVERRIDDEN/>
       <STRDISGSTAPPLICABLE/>
       <CONTENTNEGISPOS/>
       <ISLASTDEEMEDPOSITIVE>Yes</ISLASTDEEMEDPOSITIVE>
       <ISAUTONEGATE>No</ISAUTONEGATE>
       <ISCUSTOMSCLEARANCE/>
       <ISTRACKCOMPONENT/>
       <ISTRACKPRODUCTION/>
       <ISPRIMARYITEM/>
       <ISSCRAP>No</ISSCRAP>
       <RATE>10.00/Inch</RATE>
       <DISCOUNT>0</DISCOUNT>
       <VATTAXRATE>0</VATTAXRATE>
       <ORIGINVGOODSQTY>0</ORIGINVGOODSQTY>
       <EXCISEMRPABATEMENT>0</EXCISEMRPABATEMENT>
       <ADDLCOSTPERC>0</ADDLCOSTPERC>
       <REVISEDRATEOFDUTY>0</REVISEDRATEOFDUTY>
       <ORIGRATEOFDUTY>0</ORIGRATEOFDUTY>
       <ORIGMRPABATEMENT>0</ORIGMRPABATEMENT>
       <EXCISERETURNDUTYRATE>0</EXCISERETURNDUTYRATE>
       <GVATEXCISERATE>0</GVATEXCISERATE>
       <AMOUNT>-500.00</AMOUNT>
       <EXCISEASSESSABLEVALUE/>
       <CESSASSVALONCLASS/>
       <EIDISCOUNTAMT/>
       <VATASSESSABLEVALUE/>
       <VATWCDEDUCTAMT/>
       <WCTOTALDEDUCTIONAMT/>
       <ORIGINVGOODSVALUE/>
       <GSTOVRDNASSESSABLEVALUE/>
       <GSTASSBLVALUE/>
       <STRDCOMPUTEDASSESSABLEVALUE/>
       <STRDCOMPUTEDIGST/>
       <STRDCOMPUTEDCGST/>
       <STRDCOMPUTEDSGST/>
       <STRDCOMPUTEDCESS/>
       <STRDCOMPUTEDCESSONQTY/>
       <ORIGINVGOODSTAXVALUE/>
       <VATASSBLVALUE/>
       <VATACCEPTEDTAXAMT/>
       <VATACCEPTEDADDLTAXAMT/>
       <STRDAPPRSTATECESSGST/>
       <STRDAPPROPRIATEDDISCOUNT/>
       <STRDEXCISETAX/>
       <VATINPUTTAXCREDIT/>
       <VATELIGIBLECREDIT/>
       <GVATEXCISEAMT/>
       <ACTUALQTY> 50 Inch</ACTUALQTY>
       <BILLEDQTY> 50 Inch</BILLEDQTY>
       <ORIGACTUALQTY/>
       <ORIGBILLEDQTY/>
       <EXCISERETURNINVOICEQTY/>
       <USABLEQTY/>
       <EXCISECREDITPENDINGQTY/>
       <MRPRATE/>
       <EXCISEMRPRATE/>
       <ORIGRATE/>
       <REVISEDRATE/>
       <ESCALATIONRATE/>
       <ORIGMRPRATE/>
       <ORIGRATEOFQTY/>
       <REVISEDRATEOFQTY/>
       <INCLVATRATE/>
       <BATCHALLOCATIONS.LIST>
        <MFDON/>
        <ORDERYEAREND/>
        <TRACKINGYEAREND/>
        <ORDERPRECLOSUREDATE/>
        <NARRATION/>
        <GODOWNNAME>Main Location</GODOWNNAME>
        <BATCHNAME>Primary Batch</BATCHNAME>
        <DESTINATIONGODOWNNAME>Main Location</DESTINATIONGODOWNNAME>
        <INDENTNO>&#4; Not Applicable</INDENTNO>
        <ORDERTYPE/>
        <PARENTITEM/>
        <ORDERCLOSUREREASON/>
        <ORDERNO>&#4; Not Applicable</ORDERNO>
        <TRACKINGNUMBER>&#4; Not Applicable</TRACKINGNUMBER>
        <DYNAMICCSTNO/>
        <DYNAMICCSTPARENTITEM/>
        <SUMDYNAMICCSTNO/>
        <SUMBATCHNAME/>
        <SUMTRACKINGNUMBER/>
        <SUMORDERNO/>
        <SUMINDENTNO/>
        <ADDLAMOUNT/>
        <DYNAMICCSTISCLEARED>No</DYNAMICCSTISCLEARED>
        <BATCHID TYPE="Number"> 15</BATCHID>
        <BATCHDISCOUNT TYPE="Number">0</BATCHDISCOUNT>
        <AMOUNT>-500.00</AMOUNT>
        <ADDLEXPENSEAMOUNT/>
        <BATCHDIFFVAL/>
        <ACTUALQTY> 50 Inch</ACTUALQTY>
        <BILLEDQTY> 50 Inch</BILLEDQTY>
        <ORDERPRECLOSUREQTY/>
        <ORIGACTUALQTY/>
        <ORIGBILLEDQTY/>
        <BATCHPHYSDIFF/>
        <ORIGRATE/>
        <REVISEDRATE/>
        <ESCALATIONRATE/>
        <INCLVATRATE/>
        <BATCHRATE TYPE="Rate">10.00/Inch</BATCHRATE>
        <EXPIRYPERIOD/>
        <INDENTDUEDATE/>
        <ORDERDUEDATE/>
        <ADDITIONALDETAILS.LIST>        </ADDITIONALDETAILS.LIST>
        <VOUCHERCOMPONENTLIST.LIST>        </VOUCHERCOMPONENTLIST.LIST>
       </BATCHALLOCATIONS.LIST>
       <DUTYHEADDETAILS.LIST>       </DUTYHEADDETAILS.LIST>
       <RATEDETAILS.LIST>
        <GSTRATEDUTYHEAD>CGST</GSTRATEDUTYHEAD>
        <GSTRATEVALUATIONTYPE>Based on Value</GSTRATEVALUATIONTYPE>
        <GSTRATE> 7.50</GSTRATE>
        <GSTRATEPERUNIT>0</GSTRATEPERUNIT>
       </RATEDETAILS.LIST>
       <RATEDETAILS.LIST>
        <GSTRATEDUTYHEAD>SGST/UTGST</GSTRATEDUTYHEAD>
        <GSTRATEVALUATIONTYPE>Based on Value</GSTRATEVALUATIONTYPE>
        <GSTRATE> 7.50</GSTRATE>
        <GSTRATEPERUNIT>0</GSTRATEPERUNIT>
       </RATEDETAILS.LIST>
       <RATEDETAILS.LIST>
        <GSTRATEDUTYHEAD>IGST</GSTRATEDUTYHEAD>
        <GSTRATEVALUATIONTYPE>Based on Value</GSTRATEVALUATIONTYPE>
        <GSTRATE> 15</GSTRATE>
        <GSTRATEPERUNIT>0</GSTRATEPERUNIT>
       </RATEDETAILS.LIST>
       <RATEDETAILS.LIST>
        <GSTRATEDUTYHEAD>Cess</GSTRATEDUTYHEAD>
        <GSTRATEVALUATIONTYPE>&#4; Not Applicable</GSTRATEVALUATIONTYPE>
        <GSTRATE>0</GSTRATE>
        <GSTRATEPERUNIT>0</GSTRATEPERUNIT>
       </RATEDETAILS.LIST>
       <RATEDETAILS.LIST>
        <GSTRATEDUTYHEAD>State Cess</GSTRATEDUTYHEAD>
        <GSTRATEVALUATIONTYPE>Based on Value</GSTRATEVALUATIONTYPE>
        <GSTRATE>0</GSTRATE>
        <GSTRATEPERUNIT>0</GSTRATEPERUNIT>
       </RATEDETAILS.LIST>
       <SUPPLEMENTARYDUTYHEADDETAILS.LIST>       </SUPPLEMENTARYDUTYHEADDETAILS.LIST>
       <TAXOBJECTALLOCATIONS.LIST>       </TAXOBJECTALLOCATIONS.LIST>
       <COSTTRACKALLOCATIONS.LIST>       </COSTTRACKALLOCATIONS.LIST>
       <REFVOUCHERDETAILS.LIST>       </REFVOUCHERDETAILS.LIST>
       <EXCISEALLOCATIONS.LIST>       </EXCISEALLOCATIONS.LIST>
       <EXPENSEALLOCATIONS.LIST>       </EXPENSEALLOCATIONS.LIST>
      </INVENTORYALLOCATIONS.LIST>
      <DUTYHEADDETAILS.LIST>      </DUTYHEADDETAILS.LIST>
      <EXCISEDUTYHEADDETAILS.LIST>      </EXCISEDUTYHEADDETAILS.LIST>
      <RATEDETAILS.LIST>      </RATEDETAILS.LIST>
      <SUMMARYALLOCS.LIST>      </SUMMARYALLOCS.LIST>
      <CENVATDUTYALLOCATIONS.LIST>      </CENVATDUTYALLOCATIONS.LIST>
      <STPYMTDETAILS.LIST>      </STPYMTDETAILS.LIST>
      <EXCISEPAYMENTALLOCATIONS.LIST>      </EXCISEPAYMENTALLOCATIONS.LIST>
      <TAXBILLALLOCATIONS.LIST>      </TAXBILLALLOCATIONS.LIST>
      <TAXOBJECTALLOCATIONS.LIST>      </TAXOBJECTALLOCATIONS.LIST>
      <TDSEXPENSEALLOCATIONS.LIST>      </TDSEXPENSEALLOCATIONS.LIST>
      <VATSTATUTORYDETAILS.LIST>      </VATSTATUTORYDETAILS.LIST>
      <REFVOUCHERDETAILS.LIST>      </REFVOUCHERDETAILS.LIST>
      <INVOICEWISEDETAILS.LIST>      </INVOICEWISEDETAILS.LIST>
      <VATITCDETAILS.LIST>      </VATITCDETAILS.LIST>
      <ADVANCETAXDETAILS.LIST>      </ADVANCETAXDETAILS.LIST>
      <TAXTYPEALLOCATIONS.LIST>      </TAXTYPEALLOCATIONS.LIST>
     </ALLLEDGERENTRIES.LIST>
     <ALLLEDGERENTRIES.LIST>
      <OLDAUDITENTRYIDS.LIST TYPE="Number">
       <OLDAUDITENTRYIDS>-1</OLDAUDITENTRYIDS>
      </OLDAUDITENTRYIDS.LIST>
      <RATEOFINVOICETAX.LIST TYPE="Number">
       <RATEOFINVOICETAX> 18</RATEOFINVOICETAX>
      </RATEOFINVOICETAX.LIST>
      <ORIGPURCHINVDATE/>
      <NARRATION/>
      <ADDLALLOCTYPE/>
      <TAXCLASSIFICATIONNAME/>
      <APPROPRIATEFOR/>
      <GSTDUTYHEAD/>
      <GSTAPPROPRIATETO/>
      <NOTIFICATIONSLNO/>
      <EXCISEALLOCTYPE/>
      <SWIFTCODE/>
      <ROUNDTYPE>&#4; Not Applicable</ROUNDTYPE>
      <LEDGERNAME>IGST 18%</LEDGERNAME>
      <TAXUNITNAME/>
      <STATNATURENAME/>
      <GOODSTYPE/>
      <VATTRADENAME/>
      <METHODTYPE>GST</METHODTYPE>
      <CLASSRATE/>
      <STATCLASSIFICATIONNAME/>
      <EXCISECLASSIFICATIONNAME/>
      <ISZRBASICSERVICE/>
      <VATCOMMODITYNAME/>
      <SCHEDULE/>
      <SCHEDULESERIALNUMBER/>
      <VATCOMMODITYCODE/>
      <VATSUBCOMMODITYCODE/>
      <VATMAJORCOMMODITYNAME/>
      <STRDGSTDERIVEDLOCATIONTYPE/>
      <STRDGSTDERIVEDTAXABILITY/>
      <STRDGSTDERIVEDNATURETYPE/>
      <STRDGSTDERIVEDSUPPLYTYPE/>
      <TDSPARTYNAME/>
      <VATPARTYORGNAME/>
      <XBRLADJTYPE/>
      <VOUCHERFBTCATEGORY/>
      <TYPEOFTAXPAYMENT/>
      <VATCALCULATIONTYPE/>
      <VATWORKSCONTRACTTYPE/>
      <VATWCDESCRIPTION/>
      <GSTCLASS>&#4; Not Applicable</GSTCLASS>
      <SCHVIADJTYPE/>
      <GSTOVRDNCLASSIFICATION/>
      <GSTOVRDNNATURE/>
      <GSTOVRDNINELIGIBLEITC/>
      <GSTOVRDNISREVCHARGEAPPL/>
      <GSTOVRDNTAXABILITY/>
      <GSTHSNSACCODE/>
      <GSTSOURCETYPE/>
      <GSTITEMSOURCE/>
      <GSTLEDGERSOURCE/>
      <GSTGROUPSOURCE/>
      <GSTSTOCKGROUPSOURCE/>
      <HSNSOURCETYPE/>
      <HSNITEMSOURCE/>
      <HSNLEDGERSOURCE/>
      <HSNGROUPSOURCE/>
      <HSNSTOCKGROUPSOURCE/>
      <GSTOVRDNSTOREDNATURE/>
      <GSTOVRDNTYPEOFSUPPLY/>
      <GSTRATEINFERAPPLICABILITY/>
      <GSTOVRDNNATUREOFGOODS/>
      <GSTHSNNAME/>
      <GSTHSNDESCRIPTION/>
      <GSTHSNINFERAPPLICABILITY/>
      <HSNOVRDNCLASSIFICATION/>
      <STRDGSTFINALNATUREOFENTRY/>
      <STRDGSTDUTYHEAD/>
      <VATGOODSNATURE/>
      <GSTDEPGSTCLASSIFICATION/>
      <GSTDEPHSNCLASSIFICATION/>
      <POSPAYMENTTYPE/>
      <GSTPARTYLEDGER/>
      <ORIGPURCHPARTY/>
      <ORIGPURCHPARTYADDRESS/>
      <ORIGPURCHINVNO/>
      <ORIGPURCHNOTE/>
      <ISDEEMEDPOSITIVE>Yes</ISDEEMEDPOSITIVE>
      <LEDGERFROMITEM>No</LEDGERFROMITEM>
      <REMOVEZEROENTRIES>Yes</REMOVEZEROENTRIES>
      <ISPARTYLEDGER>No</ISPARTYLEDGER>
      <GSTOVERRIDDEN>No</GSTOVERRIDDEN>
      <ISGSTASSESSABLEVALUEOVERRIDDEN>No</ISGSTASSESSABLEVALUEOVERRIDDEN>
      <STRDISGSTAPPLICABLE>No</STRDISGSTAPPLICABLE>
      <STRDGSTISPARTYLEDGER>No</STRDGSTISPARTYLEDGER>
      <STRDGSTISDUTYLEDGER>No</STRDGSTISDUTYLEDGER>
      <CONTENTNEGISPOS/>
      <ISLASTDEEMEDPOSITIVE>Yes</ISLASTDEEMEDPOSITIVE>
      <ISCAPVATTAXALTERED/>
      <ISCAPVATNOTCLAIMED>No</ISCAPVATNOTCLAIMED>
      <STCRADJPERCENT>0</STCRADJPERCENT>
      <ROUNDLIMIT>0</ROUNDLIMIT>
      <RATEOFADDLVAT>0</RATEOFADDLVAT>
      <RATEOFCESSONVAT>0</RATEOFCESSONVAT>
      <VATTAXRATE>0</VATTAXRATE>
      <VATITEMQTY>0</VATITEMQTY>
      <VATWCDEDUCTRATE>0</VATWCDEDUCTRATE>
      <PREVINVTOTALNUM>0</PREVINVTOTALNUM>
      <VATWCDEDUCTIONRATE>0</VATWCDEDUCTIONRATE>
      <GSTTAXRATE>0</GSTTAXRATE>
      <ORIGINVGOODSQTY>0</ORIGINVGOODSQTY>
      <CAPVATTAXRATE>0</CAPVATTAXRATE>
      <AMOUNT>-180.00</AMOUNT>
      <CESSASSVALONCLASS/>
      <ADDNLVATCLASSAMT/>
      <EIDISCOUNTAMT/>
      <FBTEXEMPTAMOUNT/>
      <VATASSESSABLEVALUE/>
      <VATWCCOSTOFLAND/>
      <VATWCDEDLABOURCHARGES/>
      <VATWCOTHERDEDUCTIONAMT/>
      <VATWCVALUEOFTAXFREEGOODS/>
      <VATWCOTHERCHARGES/>
      <VATWCSUBCONTRACTORAMT/>
      <VATWCDEDUCTAMT/>
      <WCTOTALDEDUCTIONAMT/>
      <PREVAMOUNT/>
      <PREVINVTOTALAMT/>
      <VATWCDEDUCTIONAMOUNT/>
      <ORIGINVGOODSVALUE/>
      <CENVATCAPTINPUTAMT/>
      <GSTASSESSABLEVALUE/>
      <IGSTLIABILITY/>
      <CGSTLIABILITY/>
      <SGSTLIABILITY/>
      <GSTCESSLIABILITY/>
      <GSTOVRDNASSESSABLEVALUE/>
      <GSTASSBLVALUE/>
      <STRDCOMPUTEDASSESSABLEVALUE/>
      <STRDCOMPUTEDIGST/>
      <STRDCOMPUTEDCGST/>
      <STRDCOMPUTEDSGST/>
      <STRDCOMPUTEDCESS/>
      <STRDCOMPUTEDCESSONQTY/>
      <ORIGINVGOODSTAXVALUE/>
      <VATWCESTABLISHMENTCOST/>
      <VATWCCONTRACTORPROFIT/>
      <VATWCPLANNINGDESIGNFEES/>
      <VATWCMACHINERYTOOLSCHARGES/>
      <VATWCCONSUMABLESCOST/>
      <VATEXPAMOUNT>-180.00</VATEXPAMOUNT>
      <VATASSBLVALUE/>
      <VATACCEPTEDTAXAMT/>
      <VATACCEPTEDADDLTAXAMT/>
      <CASHRECEIVED/>
      <CAPVATASSEABLEVALUE/>
      <CAPVATTAXVALUE/>
      <ORIGPURCHVALUE/>
      <SUPPLYMARGVAL/>
      <STRDAPPRSTATECESSGST/>
      <STRDAPPROPRIATEDDISCOUNT/>
      <STRDEXCISETAX/>
      <SERVICETAXDETAILS.LIST>      </SERVICETAXDETAILS.LIST>
      <BANKALLOCATIONS.LIST>      </BANKALLOCATIONS.LIST>
      <BILLALLOCATIONS.LIST>      </BILLALLOCATIONS.LIST>
      <INTERESTCOLLECTION.LIST>      </INTERESTCOLLECTION.LIST>
      <OLDAUDITENTRIES.LIST>      </OLDAUDITENTRIES.LIST>
      <ACCOUNTAUDITENTRIES.LIST>      </ACCOUNTAUDITENTRIES.LIST>
      <AUDITENTRIES.LIST>      </AUDITENTRIES.LIST>
      <INPUTCRALLOCS.LIST>      </INPUTCRALLOCS.LIST>
      <DUTYHEADDETAILS.LIST>      </DUTYHEADDETAILS.LIST>
      <EXCISEDUTYHEADDETAILS.LIST>      </EXCISEDUTYHEADDETAILS.LIST>
      <RATEDETAILS.LIST>      </RATEDETAILS.LIST>
      <SUMMARYALLOCS.LIST>      </SUMMARYALLOCS.LIST>
      <CENVATDUTYALLOCATIONS.LIST>      </CENVATDUTYALLOCATIONS.LIST>
      <STPYMTDETAILS.LIST>      </STPYMTDETAILS.LIST>
      <EXCISEPAYMENTALLOCATIONS.LIST>      </EXCISEPAYMENTALLOCATIONS.LIST>
      <TAXBILLALLOCATIONS.LIST>      </TAXBILLALLOCATIONS.LIST>
      <TAXOBJECTALLOCATIONS.LIST>      </TAXOBJECTALLOCATIONS.LIST>
      <TDSEXPENSEALLOCATIONS.LIST>      </TDSEXPENSEALLOCATIONS.LIST>
      <VATSTATUTORYDETAILS.LIST>      </VATSTATUTORYDETAILS.LIST>
      <COSTTRACKALLOCATIONS.LIST>      </COSTTRACKALLOCATIONS.LIST>
      <REFVOUCHERDETAILS.LIST>      </REFVOUCHERDETAILS.LIST>
      <INVOICEWISEDETAILS.LIST>      </INVOICEWISEDETAILS.LIST>
      <VATITCDETAILS.LIST>      </VATITCDETAILS.LIST>
      <ADVANCETAXDETAILS.LIST>      </ADVANCETAXDETAILS.LIST>
      <TAXTYPEALLOCATIONS.LIST>      </TAXTYPEALLOCATIONS.LIST>
     </ALLLEDGERENTRIES.LIST>
     <ALLLEDGERENTRIES.LIST>
      <OLDAUDITENTRYIDS.LIST TYPE="Number">
       <OLDAUDITENTRYIDS>-1</OLDAUDITENTRYIDS>
      </OLDAUDITENTRYIDS.LIST>
      <RATEOFINVOICETAX.LIST TYPE="Number">
       <RATEOFINVOICETAX> 15</RATEOFINVOICETAX>
      </RATEOFINVOICETAX.LIST>
      <ORIGPURCHINVDATE/>
      <NARRATION/>
      <ADDLALLOCTYPE/>
      <TAXCLASSIFICATIONNAME/>
      <APPROPRIATEFOR/>
      <GSTDUTYHEAD/>
      <GSTAPPROPRIATETO/>
      <NOTIFICATIONSLNO/>
      <EXCISEALLOCTYPE/>
      <SWIFTCODE/>
      <ROUNDTYPE>&#4; Not Applicable</ROUNDTYPE>
      <LEDGERNAME>IGST 15%</LEDGERNAME>
      <TAXUNITNAME/>
      <STATNATURENAME/>
      <GOODSTYPE/>
      <VATTRADENAME/>
      <METHODTYPE>GST</METHODTYPE>
      <CLASSRATE/>
      <STATCLASSIFICATIONNAME/>
      <EXCISECLASSIFICATIONNAME/>
      <ISZRBASICSERVICE/>
      <VATCOMMODITYNAME/>
      <SCHEDULE/>
      <SCHEDULESERIALNUMBER/>
      <VATCOMMODITYCODE/>
      <VATSUBCOMMODITYCODE/>
      <VATMAJORCOMMODITYNAME/>
      <STRDGSTDERIVEDLOCATIONTYPE/>
      <STRDGSTDERIVEDTAXABILITY/>
      <STRDGSTDERIVEDNATURETYPE/>
      <STRDGSTDERIVEDSUPPLYTYPE/>
      <TDSPARTYNAME/>
      <VATPARTYORGNAME/>
      <XBRLADJTYPE/>
      <VOUCHERFBTCATEGORY/>
      <TYPEOFTAXPAYMENT/>
      <VATCALCULATIONTYPE/>
      <VATWORKSCONTRACTTYPE/>
      <VATWCDESCRIPTION/>
      <GSTCLASS>&#4; Not Applicable</GSTCLASS>
      <SCHVIADJTYPE/>
      <GSTOVRDNCLASSIFICATION/>
      <GSTOVRDNNATURE/>
      <GSTOVRDNINELIGIBLEITC/>
      <GSTOVRDNISREVCHARGEAPPL/>
      <GSTOVRDNTAXABILITY/>
      <GSTHSNSACCODE/>
      <GSTSOURCETYPE/>
      <GSTITEMSOURCE/>
      <GSTLEDGERSOURCE/>
      <GSTGROUPSOURCE/>
      <GSTSTOCKGROUPSOURCE/>
      <HSNSOURCETYPE/>
      <HSNITEMSOURCE/>
      <HSNLEDGERSOURCE/>
      <HSNGROUPSOURCE/>
      <HSNSTOCKGROUPSOURCE/>
      <GSTOVRDNSTOREDNATURE/>
      <GSTOVRDNTYPEOFSUPPLY/>
      <GSTRATEINFERAPPLICABILITY/>
      <GSTOVRDNNATUREOFGOODS/>
      <GSTHSNNAME/>
      <GSTHSNDESCRIPTION/>
      <GSTHSNINFERAPPLICABILITY/>
      <HSNOVRDNCLASSIFICATION/>
      <STRDGSTFINALNATUREOFENTRY/>
      <STRDGSTDUTYHEAD/>
      <VATGOODSNATURE/>
      <GSTDEPGSTCLASSIFICATION/>
      <GSTDEPHSNCLASSIFICATION/>
      <POSPAYMENTTYPE/>
      <GSTPARTYLEDGER/>
      <ORIGPURCHPARTY/>
      <ORIGPURCHPARTYADDRESS/>
      <ORIGPURCHINVNO/>
      <ORIGPURCHNOTE/>
      <ISDEEMEDPOSITIVE>Yes</ISDEEMEDPOSITIVE>
      <LEDGERFROMITEM>No</LEDGERFROMITEM>
      <REMOVEZEROENTRIES>Yes</REMOVEZEROENTRIES>
      <ISPARTYLEDGER>No</ISPARTYLEDGER>
      <GSTOVERRIDDEN>No</GSTOVERRIDDEN>
      <ISGSTASSESSABLEVALUEOVERRIDDEN>No</ISGSTASSESSABLEVALUEOVERRIDDEN>
      <STRDISGSTAPPLICABLE>No</STRDISGSTAPPLICABLE>
      <STRDGSTISPARTYLEDGER>No</STRDGSTISPARTYLEDGER>
      <STRDGSTISDUTYLEDGER>No</STRDGSTISDUTYLEDGER>
      <CONTENTNEGISPOS/>
      <ISLASTDEEMEDPOSITIVE>Yes</ISLASTDEEMEDPOSITIVE>
      <ISCAPVATTAXALTERED/>
      <ISCAPVATNOTCLAIMED>No</ISCAPVATNOTCLAIMED>
      <STCRADJPERCENT>0</STCRADJPERCENT>
      <ROUNDLIMIT>0</ROUNDLIMIT>
      <RATEOFADDLVAT>0</RATEOFADDLVAT>
      <RATEOFCESSONVAT>0</RATEOFCESSONVAT>
      <VATTAXRATE>0</VATTAXRATE>
      <VATITEMQTY>0</VATITEMQTY>
      <VATWCDEDUCTRATE>0</VATWCDEDUCTRATE>
      <PREVINVTOTALNUM>0</PREVINVTOTALNUM>
      <VATWCDEDUCTIONRATE>0</VATWCDEDUCTIONRATE>
      <GSTTAXRATE>0</GSTTAXRATE>
      <ORIGINVGOODSQTY>0</ORIGINVGOODSQTY>
      <CAPVATTAXRATE>0</CAPVATTAXRATE>
      <AMOUNT>-75.00</AMOUNT>
      <CESSASSVALONCLASS/>
      <ADDNLVATCLASSAMT/>
      <EIDISCOUNTAMT/>
      <FBTEXEMPTAMOUNT/>
      <VATASSESSABLEVALUE/>
      <VATWCCOSTOFLAND/>
      <VATWCDEDLABOURCHARGES/>
      <VATWCOTHERDEDUCTIONAMT/>
      <VATWCVALUEOFTAXFREEGOODS/>
      <VATWCOTHERCHARGES/>
      <VATWCSUBCONTRACTORAMT/>
      <VATWCDEDUCTAMT/>
      <WCTOTALDEDUCTIONAMT/>
      <PREVAMOUNT/>
      <PREVINVTOTALAMT/>
      <VATWCDEDUCTIONAMOUNT/>
      <ORIGINVGOODSVALUE/>
      <CENVATCAPTINPUTAMT/>
      <GSTASSESSABLEVALUE/>
      <IGSTLIABILITY/>
      <CGSTLIABILITY/>
      <SGSTLIABILITY/>
      <GSTCESSLIABILITY/>
      <GSTOVRDNASSESSABLEVALUE/>
      <GSTASSBLVALUE/>
      <STRDCOMPUTEDASSESSABLEVALUE/>
      <STRDCOMPUTEDIGST/>
      <STRDCOMPUTEDCGST/>
      <STRDCOMPUTEDSGST/>
      <STRDCOMPUTEDCESS/>
      <STRDCOMPUTEDCESSONQTY/>
      <ORIGINVGOODSTAXVALUE/>
      <VATWCESTABLISHMENTCOST/>
      <VATWCCONTRACTORPROFIT/>
      <VATWCPLANNINGDESIGNFEES/>
      <VATWCMACHINERYTOOLSCHARGES/>
      <VATWCCONSUMABLESCOST/>
      <VATEXPAMOUNT>-75.00</VATEXPAMOUNT>
      <VATASSBLVALUE/>
      <VATACCEPTEDTAXAMT/>
      <VATACCEPTEDADDLTAXAMT/>
      <CASHRECEIVED/>
      <CAPVATASSEABLEVALUE/>
      <CAPVATTAXVALUE/>
      <ORIGPURCHVALUE/>
      <SUPPLYMARGVAL/>
      <STRDAPPRSTATECESSGST/>
      <STRDAPPROPRIATEDDISCOUNT/>
      <STRDEXCISETAX/>
      <SERVICETAXDETAILS.LIST>      </SERVICETAXDETAILS.LIST>
      <BANKALLOCATIONS.LIST>      </BANKALLOCATIONS.LIST>
      <BILLALLOCATIONS.LIST>      </BILLALLOCATIONS.LIST>
      <INTERESTCOLLECTION.LIST>      </INTERESTCOLLECTION.LIST>
      <OLDAUDITENTRIES.LIST>      </OLDAUDITENTRIES.LIST>
      <ACCOUNTAUDITENTRIES.LIST>      </ACCOUNTAUDITENTRIES.LIST>
      <AUDITENTRIES.LIST>      </AUDITENTRIES.LIST>
      <INPUTCRALLOCS.LIST>      </INPUTCRALLOCS.LIST>
      <DUTYHEADDETAILS.LIST>      </DUTYHEADDETAILS.LIST>
      <EXCISEDUTYHEADDETAILS.LIST>      </EXCISEDUTYHEADDETAILS.LIST>
      <RATEDETAILS.LIST>      </RATEDETAILS.LIST>
      <SUMMARYALLOCS.LIST>      </SUMMARYALLOCS.LIST>
      <CENVATDUTYALLOCATIONS.LIST>      </CENVATDUTYALLOCATIONS.LIST>
      <STPYMTDETAILS.LIST>      </STPYMTDETAILS.LIST>
      <EXCISEPAYMENTALLOCATIONS.LIST>      </EXCISEPAYMENTALLOCATIONS.LIST>
      <TAXBILLALLOCATIONS.LIST>      </TAXBILLALLOCATIONS.LIST>
      <TAXOBJECTALLOCATIONS.LIST>      </TAXOBJECTALLOCATIONS.LIST>
      <TDSEXPENSEALLOCATIONS.LIST>      </TDSEXPENSEALLOCATIONS.LIST>
      <VATSTATUTORYDETAILS.LIST>      </VATSTATUTORYDETAILS.LIST>
      <COSTTRACKALLOCATIONS.LIST>      </COSTTRACKALLOCATIONS.LIST>
      <REFVOUCHERDETAILS.LIST>      </REFVOUCHERDETAILS.LIST>
      <INVOICEWISEDETAILS.LIST>      </INVOICEWISEDETAILS.LIST>
      <VATITCDETAILS.LIST>      </VATITCDETAILS.LIST>
      <ADVANCETAXDETAILS.LIST>      </ADVANCETAXDETAILS.LIST>
      <TAXTYPEALLOCATIONS.LIST>      </TAXTYPEALLOCATIONS.LIST>
     </ALLLEDGERENTRIES.LIST>
    </VOUCHER>
   </COLLECTION>
  </DATA>
 </BODY>
</ENVELOPE>
